% Encoding: UTF-8

@InProceedings{DBLP:conf/stacs/IKK14,
  author        = {I, Tomohiro and Juha K{\"{a}}rkk{\"{a}}inen and Dominik Kempa},
  title         = {Faster Sparse Suffix Sorting},
  booktitle     = {Symposium on Theoretical Aspects of Computer Science, {STACS} 2014},
  year          = {2014},
  editor        = {Ernst W. Mayr and Natacha Portier},
  volume        = {25},
  series        = {LIPIcs},
  pages         = {386--396},
  publisher     = {Schloss Dagstuhl--Leibniz-Zentrum für Informatik},
  bibsource     = {dblp computer science bibliography, http://dblp.org},
  biburl        = {http://dblp.uni-trier.de/rec/bib/conf/stacs/IKK14},
  doi           = {10.4230/LIPIcs.STACS.2014.386},
  groups        = {2015_sparse_sa, report},
  isbn          = {978-3-939897-65-1},
  timestamp     = {Mon, 10 Mar 2014 12:55:34 +0100},
}

@Article{DBLP:journals/siamcomp/ColeH02,
  author        = {Richard Cole and Ramesh Hariharan},
  title         = {Approximate String Matching: {A} Simpler Faster Algorithm},
  journal       = {{SIAM} Journal on Computing},
  year          = {2002},
  volume        = {31},
  number        = {6},
  pages         = {1761--1782},
  bibsource     = {dblp computer science bibliography, https://dblp.org},
  biburl        = {https://dblp.org/rec/bib/journals/siamcomp/ColeH02},
  doi           = {10.1137/S0097539700370527},
}


@InProceedings{DBLP:conf/focs/BelazzouguiZ16,
  author        = {Djamal Belazzougui and Qin Zhang},
  title         = {Edit Distance: Sketching, Streaming, and Document Exchange},
  booktitle     = {57th {IEEE} Annual Symposium on Foundations of Computer Science, {FOCS} 2016},
  year          = {2016},
  editor        = {Irit Dinur},
  pages         = {51--60},
  publisher     = {{IEEE}},
  bibsource     = {dblp computer science bibliography, https://dblp.org},
  biburl        = {https://dblp.org/rec/bib/conf/focs/BelazzouguiZ16},
  doi           = {10.1109/FOCS.2016.15},
}


@InProceedings{DBLP:conf/stoc/ChakrabortyGK16,
  author        = {Diptarka Chakraborty and Elazar Goldenberg and Michal Kouck{\'{y}}},
  title         = {Streaming algorithms for embedding and computing edit distance in the low distance regime},
  booktitle     = {48th Annual {ACM} Symposium on Theory of Computing, {STOC} 2016},
  year          = {2016},
  editor        = {Daniel Wichs and Yishay Mansour},
  pages         = {712--725},
  publisher     = {{ACM}},
  bibsource     = {dblp computer science bibliography, https://dblp.org},
  biburl        = {https://dblp.org/rec/bib/conf/stoc/ChakrabortyGK16},
  doi           = {10.1145/2897518.2897577},
}

@InProceedings{DBLP:conf/soda/BringmannWK19,
  author     = {Karl Bringmann and Marvin K{\"{u}}nnemann and Philip Wellnitz},
  booktitle  = {{SODA}},
  title      = {Few Matches or Almost Periodicity: Faster Pattern Matching with Mismatches in Compressed Texts},
  year       = {2019},
  _editor    = {Timothy M. Chan},
  _pages     = {1126--1145},
  _publisher = {{SIAM}},
  bibsource  = {dblp computer science bibliography, https://dblp.org},
  biburl     = {https://dblp.org/rec/bib/conf/soda/BringmannWK19},
  doi        = {10.1137/1.9781611975482.69},
  timestamp  = {Tue, 12 Mar 2019 15:52:39 +0100},
}

@InProceedings{CGLS:2018,
  author    = {Rapha{\"{e}}l Clifford and Allan Gr{\o}nlund and Kasper Green Larsen and Tatiana Starikovskaya},
  title     = {Upper and Lower Bounds for Dynamic Data Structures on Strings},
  booktitle = {Symposium on Theoretical Aspects of Computer Science, {STACS} 2018},
  year      = {2018},
  editor    = {Rolf Niedermeier and Brigitte Vall{\'{e}}e},
  volume    = {96},
  series    = {LIPIcs},
  pages     = {22:1--22:14},
  publisher = {Schloss Dagstuhl---Leibniz-Zentrum für Informatik},
  bibsource = {dblp computer science bibliography, https://dblp.org},
  biburl    = {https://dblp.org/rec/bib/conf/stacs/CliffordGLS18},
  doi       = {10.4230/LIPIcs.STACS.2018.22},
  groups    = {2017_k_mismatch_cc},
}

@InProceedings{DBLP:conf/stoc/KempaP18,
  author        = {Dominik Kempa and Nicola Prezza},
  title         = {At the roots of dictionary compression: string attractors},
  booktitle     = {50th Annual {ACM} Symposium on Theory of Computing, {STOC} 2018},
  year          = {2018},
  editor        = {Ilias Diakonikolas and David Kempe and Monika Henzinger},
  pages         = {827--840},
  publisher     = {{ACM}},
  bibsource     = {dblp computer science bibliography, https://dblp.org},
  biburl        = {https://dblp.org/rec/bib/conf/stoc/KempaP18},
  doi           = {10.1145/3188745.3188814},
}

@Article{DBLP:journals/tcs/NavarroP19,
  author        = {Gonzalo Navarro and Nicola Prezza},
  title         = {Universal compressed text indexing},
  journal       = {Theoretical Computer Science},
  year          = {2019},
  volume        = {762},
  pages         = {41--50},
  bibsource     = {dblp computer science bibliography, https://dblp.org},
  biburl        = {https://dblp.org/rec/bib/journals/tcs/NavarroP19},
  doi           = {10.1016/j.tcs.2018.09.007},
}


@Article{NISHIMOTO2019,
  author   = {Takaaki Nishimoto and Tomohiro I and Shunsuke Inenaga and Hideo Bannai and Masayuki Takeda},
  journal  = {Discrete Applied Mathematics},
  title    = {Dynamic index and {LZ} factorization in compressed space},
  year     = {2019},
  issn     = {0166-218X},
  doi      = {10.1016/j.dam.2019.01.014},
  keywords = {Dynamic texts, LZ77 factorization, Dynamic index, Compressed data structures, Dynamic data structures},
}

@InProceedings{DBLP:conf/mfcs/NishimotoIIBT16,
  author    = {Takaaki Nishimoto and Tomohiro I and Shunsuke Inenaga and Hideo Bannai and Masayuki Takeda},
  title     = {Fully Dynamic Data Structure for {LCE} Queries in Compressed Space},
  booktitle = {Mathematical Foundations of Computer Science, {MFCS} 2016},
  year      = {2016},
  editor    = {Piotr Faliszewski and Anca Muscholl and Rolf Niedermeier},
  volume    = {58},
  series    = {LIPIcs},
  pages     = {72:1--72:15},
  publisher = {Schloss Dagstuhl--Leibniz-Zentrum für Informatik},
  bibsource = {dblp computer science bibliography, http://dblp.org},
  biburl    = {http://dblp.dagstuhl.de/rec/bib/conf/mfcs/NishimotoIIBT16},
  doi       = {10.4230/LIPIcs.MFCS.2016.72},
  groups    = {thesis},
}

@InProceedings{DBLP:conf/soda/AlstrupBR00,
  author    = {Stephen Alstrup and Gerth St{\o}lting Brodal and Theis Rauhe},
  title     = {Pattern matching in dynamic texts},
  booktitle = {11th Annual {ACM-SIAM} Symposium on Discrete Algorithms, {SODA} 2000},
  year      = {2000},
  editor    = {David B. Shmoys},
  pages     = {819--828},
  publisher = {{SIAM}},
  bibsource = {dblp computer science bibliography, https://dblp.org},
  biburl    = {https://dblp.org/rec/bib/conf/soda/AlstrupBR00},
  groups    = {2015_timeline_matching, thesis, 2018_edandpartition},
  isbn      = {0-89871-453-2},
  url       = {http://dl.acm.org/citation.cfm?id=338219.338645},
}

@Article{DBLP:journals/algorithmica/MehlhornSU97,
  author    = {Kurt Mehlhorn and R. Sundar and Christian Uhrig},
  title     = {Maintaining Dynamic Sequences under Equality Tests in Polylogarithmic Time},
  journal   = {Algorithmica},
  year      = {1997},
  volume    = {17},
  number    = {2},
  pages     = {183--198},
  bibsource = {dblp computer science bibliography, https://dblp.org},
  doi       = {10.1007/BF02522825},
  groups    = {2018_edandpartition, thesis},
}

@InProceedings{FirstConsistentParsing,
  author    = {S{\"{u}}leyman Cenk Sahinalp and Uzi Vishkin},
  title     = {On a Parallel-Algorithms Method for String Matching Problems},
  booktitle = {Algorithms and Complexity, {CIAC} 1994},
  year      = {1994},
  editor    = {Maurizio A. Bonuccelli and Pierluigi Crescenzi and Rossella Petreschi},
  volume    = {778},
  series    = {LNCS},
  pages     = {22--32},
  publisher = {Springer},
  bibsource = {dblp computer science bibliography, https://dblp.org},
  biburl    = {https://dblp.org/rec/bib/conf/ciac/SahinalpV94},
  doi       = {10.1007/3-540-57811-0_3},
  groups    = {2018_edandpartition, thesis},
}

@Article{DBLP:journals/jacm/Jez16,
  author    = {Artur Jeż},
  title     = {Recompression: {A} Simple and Powerful Technique for Word Equations},
  journal   = {Journal of the {ACM}},
  year      = {2016},
  volume    = {63},
  number    = {1},
  pages     = {4:1--4:51},
  bibsource = {dblp computer science bibliography, https://dblp.org},
  biburl    = {https://dblp.org/rec/bib/journals/jacm/Jez16},
  doi       = {10.1145/2743014},
  groups    = {2015_timeline_matching, thesis},
}

@PhdThesis{phd,
  author = {Tomasz Kociumaka},
  title  = {Efficient Data Structures for Internal Queries in Texts},
  school = {University of Warsaw},
  year   = {2018},
  month  = oct,
  groups = {2019_lccf},
  url    = {https://www.mimuw.edu.pl/~kociumaka/files/phd.pdf},
}

@Article{DBLP:journals/tcs/CrochemoreIKKLP16,
  author    = {Maxime Crochemore and Costas S. Iliopoulos and Tomasz Kociumaka and Marcin Kubica and Alessio Langiu and Solon P. Pissis and Jakub Radoszewski and Wojciech Rytter and Tomasz Waleń},
  title     = {Order-preserving indexing},
  journal   = {Theoretical Computer Science},
  year      = {2016},
  volume    = {638},
  pages     = {122--135},
  issn      = {0304-3975},
  bibsource = {dblp computer science bibliography, http://dblp.org},
  biburl    = {http://dblp.uni-trier.de/rec/bib/journals/tcs/CrochemoreIKKLP16},
  doi       = {10.1016/j.tcs.2015.06.050},
  field     = {Text algorithms},
  groups    = {report},
  timestamp = {Thu, 16 Jun 2016 12:31:58 +0200},
}

@Article{DBLP:journals/algorithmica/IliopoulosMP96,
  author    = {Costas S. Iliopoulos and D. W. G. Moore and Kunsoo Park},
  title     = {Covering a String},
  journal   = {Algorithmica},
  year      = {1996},
  volume    = {16},
  number    = {3},
  pages     = {288--297},
  bibsource = {dblp computer science bibliography, http://dblp.org},
  biburl    = {http://dblp.uni-trier.de/rec/bib/journals/algorithmica/IliopoulosMP96},
  doi       = {10.1007/BF01955677},
  groups    = {2011_seeds, 2013_partial_seeds, 2014_indeterminate, report},
  timestamp = {Wed, 18 May 2011 16:16:57 +0200},
}

@Article{DBLP:journals/algorithmica/KociumakaPRRW15,
  author    = {Tomasz Kociumaka and Solon P. Pissis and Jakub Radoszewski and Wojciech Rytter and Tomasz Waleń},
  title     = {Fast Algorithm for Partial Covers in Words},
  journal   = {Algorithmica},
  year      = {2015},
  volume    = {73},
  number    = {1},
  pages     = {217--233},
  bibsource = {dblp computer science bibliography, http://dblp.org},
  biburl    = {http://dblp.uni-trier.de/rec/bib/journals/algorithmica/KociumakaPRRW15},
  doi       = {10.1007/s00453-014-9915-3},
  groups    = {2013_partial_seeds, report},
  timestamp = {Wed, 01 Jul 2015 15:54:53 +0200},
}

@Article{DBLP:journals/ipl/Kosolobov16,
  author   = {Dmitry Kosolobov},
  title    = {Computing runs on a general alphabet},
  journal  = {Information Processing Letters},
  year     = {2016},
  volume   = {116},
  number   = {3},
  pages    = {241--244},
  issn     = {0020-0190},
  doi      = {10.1016/j.ipl.2015.11.016},
  groups   = {2015_lce_queries, 2016_lyndon_runs, thesis, report},
  keywords = {Runs},
}

@Article{DBLP:journals/tcs/KociumakaPRRW14,
  author    = {Tomasz Kociumaka and Jakub Pachocki and Jakub Radoszewski and Wojciech Rytter and Tomasz Waleń},
  journal   = {Theoretical Computer Science},
  title     = {Efficient counting of square substrings in a tree},
  year      = {2014},
  pages     = {60--73},
  volume    = {544},
  bibsource = {dblp computer science bibliography, http://dblp.org},
  biburl    = {http://dblp.uni-trier.de/rec/bib/journals/tcs/KociumakaPRRW14},
  comment   = {W17},
  doi       = {10.1016/j.tcs.2014.04.015},
  groups    = {2015_cubes_in_trees, report},
  timestamp = {Sun, 06 Jul 2014 12:21:50 +0200},
}

@Article{DBLP:journals/tit/ZivL77,
  author    = {Jacob Ziv and Abraham Lempel},
  title     = {A universal algorithm for sequential data compression},
  journal   = {{IEEE} Trans. Inf. Theory},
  year      = {1977},
  volume    = {23e},
  number    = {3},
  pages     = {337--343},
  bibsource = {dblp computer science bibliography, http://dblp.org},
  biburl    = {http://dblp.uni-trier.de/rec/bib/journals/tit/ZivL77},
  doi       = {10.1109/TIT.1977.1055714},
  groups    = {2011_seeds, thesis, report},
  timestamp = {Thu, 12 Sep 2013 15:58:17 +0200},
}

@Article{katz1999bounds,
  author  = {Katz, Nets Hawk and Tao, Terence},
  title   = {Bounds on arithmetic projections, and applications to the {K}akeya conjecture},
  journal = {Mathematical Research Letters},
  year    = {1999},
  volume  = {6},
  number  = {6},
  doi     = {10.4310/MRL.1999.v6.n6.a3},
  groups  = {2013-generalized-squares, report},
}

@Article{DBLP:journals/dam/DezaFT15,
  author    = {Antoine Deza and Frantisek Franek and Adrien Thierry},
  title     = {How many double squares can a string contain?},
  journal   = {Discrete Applied Mathematics},
  year      = {2015},
  volume    = {180},
  pages     = {52--69},
  bibsource = {dblp computer science bibliography, http://dblp.org},
  biburl    = {http://dblp.uni-trier.de/rec/bib/journals/dam/DezaFT15},
  doi       = {10.1016/j.dam.2014.08.016},
  groups    = {2015_cubes_in_trees, 2017_squares_partial, report},
  timestamp = {Mon, 05 Jan 2015 13:36:24 +0100},
}

@Article{DBLP:journals/tcs/KociumakaRRW16,
  author  = {Tomasz Kociumaka and Jakub Radoszewski and Wojciech Rytter and Tomasz Waleń},
  title   = {Maximum number of distinct and nonequivalent nonstandard squares in a word},
  journal = {Theoretical Computer Science},
  year    = {2016},
  volume  = {648},
  pages   = {84--95},
  issn    = {0304-3975},
  doi     = {10.1016/j.tcs.2016.08.010},
  groups  = {report},
}

@Article{DBLP:journals/jcss/ImpagliazzoPZ01,
  author    = {Russell Impagliazzo and Ramamohan Paturi and Francis Zane},
  title     = {Which Problems Have Strongly Exponential Complexity?},
  journal   = {Journal of Computer and System Sciences},
  year      = {2001},
  volume    = {63},
  number    = {4},
  pages     = {512--530},
  bibsource = {dblp computer science bibliography, http://dblp.org},
  biburl    = {http://dblp.dagstuhl.de/rec/bib/journals/jcss/ImpagliazzoPZ01},
  doi       = {10.1006/jcss.2001.1774},
  groups    = {2014_indeterminate, 2013_genus_vertex_deletion, report},
}

@Article{DBLP:journals/tcs/BrodalGJS11,
  author    = {Gerth St{\o}lting Brodal and Beat Gfeller and Allan Gr{\o}nlund J{\o}rgensen and Peter Sanders},
  title     = {Towards optimal range medians},
  journal   = {Theoretical Computer Science},
  year      = {2011},
  volume    = {412},
  number    = {24},
  pages     = {2588--2601},
  bibsource = {dblp computer science bibliography, http://dblp.org},
  biburl    = {http://dblp.dagstuhl.de/rec/bib/journals/tcs/BrodalGJS11},
  doi       = {10.1016/j.tcs.2010.05.003},
  groups    = {thesis, report},
}

@Article{DBLP:journals/tcs/KellerKFL14,
  author    = {Orgad Keller and Tsvi Kopelowitz and Shir Landau Feibish and Moshe Lewenstein},
  title     = {Generalized substring compression},
  journal   = {Theoretical Computer Science},
  year      = {2014},
  volume    = {525},
  pages     = {42--54},
  bibsource = {dblp computer science bibliography, http://dblp.org},
  biburl    = {http://dblp.dagstuhl.de/rec/bib/journals/tcs/KellerKFL14},
  doi       = {10.1016/j.tcs.2013.10.010},
  groups    = {2014_min_suf, 2013_suffix_selection, thesis, report},
}

@Article{DBLP:journals/tcs/BabenkoGKKS16,
  author    = {Maxim Babenko and Paweł Gawrychowski and Tomasz Kociumaka and Ignat Kolesnichenko and Tatiana Starikovskaya},
  title     = {Computing minimal and maximal suffixes of a substring},
  journal   = {Theoretical Computer Science},
  year      = {2016},
  volume    = {638},
  pages     = {112--121},
  bibsource = {dblp computer science bibliography, http://dblp.org},
  biburl    = {http://dblp.dagstuhl.de/rec/bib/journals/tcs/BabenkoGKKS16},
  doi       = {10.1016/j.tcs.2015.08.023},
  groups    = {2014_min_suf, thesis, report},
}

@Article{DBLP:journals/jda/CrochemoreIKKLR15,
  author    = {Maxime Crochemore and Costas S. Iliopoulos and Tomasz Kociumaka and Marcin Kubica and Alessio Langiu and Jakub Radoszewski and Wojciech Rytter and Bartosz Szreder and Tomasz Waleń},
  title     = {A note on the longest common compatible prefix problem for partial words},
  journal   = {Journal of Discrete Algorithms},
  year      = {2015},
  volume    = {34},
  pages     = {49--53},
  bibsource = {dblp computer science bibliography, http://dblp.org},
  biburl    = {http://dblp.dagstuhl.de/rec/bib/journals/jda/CrochemoreIKKLR15},
  doi       = {10.1016/j.jda.2015.05.003},
  groups    = {2017_squares_partial, report},
}

@Article{DBLP:journals/jcss/KociumakaRR17,
  author    = {Tomasz Kociumaka and Jakub Radoszewski and Wojciech Rytter},
  title     = {Fast algorithms for Abelian periods in words and greatest common divisor queries},
  journal   = {Journal of Computer and System Sciences},
  year      = {2017},
  volume    = {84},
  pages     = {205--218},
  bibsource = {dblp computer science bibliography, http://dblp.org},
  biburl    = {http://dblp.dagstuhl.de/rec/bib/journals/jcss/KociumakaRR17},
  doi       = {10.1016/j.jcss.2016.09.003},
  groups    = {report},
}

@Article{DBLP:journals/algorithmica/KociumakaRR17,
  author    = {Tomasz Kociumaka and Jakub Radoszewski and Wojciech Rytter},
  title     = {Efficient Indexes for Jumbled Pattern Matching with Constant-Sized Alphabet},
  journal   = {Algorithmica},
  year      = {2017},
  volume    = {77},
  number    = {4},
  pages     = {1194--1215},
  bibsource = {dblp computer science bibliography, http://dblp.org},
  biburl    = {http://dblp.dagstuhl.de/rec/bib/journals/algorithmica/KociumakaRR17},
  doi       = {10.1007/s00453-016-0140-0},
  groups    = {report},
}

@Article{DBLP:journals/tcs/KociumakaPRRW16,
  author  = {Tomasz Kociumaka and Solon P. Pissis and Jakub Radoszewski and Wojciech Rytter and Tomasz Waleń},
  title   = {Efficient algorithms for shortest partial seeds in words},
  journal = {Theoretical Computer Science},
  year    = {2016},
  issn    = {0304-3975},
  note    = {w druku},
  doi     = {10.1016/j.tcs.2016.11.035},
  groups  = {report},
}

@Article{DBLP:journals/tcs/CrochemoreIKRRW17,
  author  = {Maxime Crochemore and Costas S. Iliopoulos and Tomasz Kociumaka and Jakub Radoszewski and Wojciech Rytter and Tomasz Waleń},
  title   = {Covering problems for partial words and for indeterminate strings},
  journal = {Theoretical Computer Science},
  year    = {2017},
  issn    = {0304-3975},
  doi     = {10.1016/j.tcs.2017.05.026},
  groups  = {report},
}

@Article{DBLP:journals/algorithmica/KociumakaRRW17,
  author  = {Kociumaka, Tomasz and Radoszewski, Jakub and Rytter, Wojciech and Waleń, Tomasz},
  title   = {String Powers in Trees},
  journal = {Algorithmica},
  year    = {2017},
  volume  = {79},
  number  = {3},
  pages   = {814-834},
  doi     = {10.1007/s00453-016-0271-3},
  groups  = {report},
}

@Article{DBLP:journals/siamdm/KociumakaRR16,
  author    = {Tomasz Kociumaka and Jakub Radoszewski and Wojciech Rytter},
  title     = {Efficient Ranking of {L}yndon Words and Decoding Lexicographically Minimal de {B}ruijn Sequence},
  journal   = {{SIAM} Journal on Discrete Mathematics},
  year      = {2016},
  volume    = {30},
  number    = {4},
  pages     = {2027--2046},
  bibsource = {dblp computer science bibliography, http://dblp.org},
  biburl    = {http://dblp.dagstuhl.de/rec/bib/journals/siamdm/KociumakaRR16},
  doi       = {10.1137/15M1043248},
  groups    = {report},
}

@Article{DBLP:journals/tcs/KociumakaPRRW17,
  author  = {Tomasz Kociumaka and Jakub W. Pachocki and Jakub Radoszewski and Wojciech Rytter and Tomasz Waleń},
  title   = {On the string consensus problem and the {M}anhattan sequence consensus problem},
  journal = {Theoretical Computer Science},
  year    = {2017},
  issn    = {0304-3975},
  doi     = {10.1016/j.tcs.2017.03.022},
  groups  = {report},
}

@Article{DBLP:journals/ipl/FiciKRRW16,
  author    = {Gabriele Fici and Tomasz Kociumaka and Jakub Radoszewski and Wojciech Rytter and Tomasz Waleń},
  title     = {On the greedy algorithm for the Shortest Common Superstring problem with reversals},
  journal   = {Information Processing Letters},
  year      = {2016},
  volume    = {116},
  number    = {3},
  pages     = {245--251},
  bibsource = {dblp computer science bibliography, http://dblp.org},
  biburl    = {http://dblp.dagstuhl.de/rec/bib/journals/ipl/FiciKRRW16},
  doi       = {10.1016/j.ipl.2015.11.015},
  groups    = {report},
}

@Article{DBLP:journals/tcs/KociumakaRRW15,
  author    = {Tomasz Kociumaka and Jakub Radoszewski and Wojciech Rytter and Tomasz Waleń},
  title     = {Linear-time version of {H}olub's algorithm for morphic imprimitivity testing},
  journal   = {Theoretical Computer Science},
  year      = {2015},
  volume    = {602},
  pages     = {7--21},
  bibsource = {dblp computer science bibliography, http://dblp.org},
  biburl    = {http://dblp.dagstuhl.de/rec/bib/journals/tcs/KociumakaRRW15},
  doi       = {10.1016/j.tcs.2015.07.055},
  groups    = {report},
}

@Article{DBLP:journals/tcs/ButmanLM16,
  author    = {Ayelet Butman and Noa Lewenstein and J. Ian Munro},
  title     = {Permuted scaled matching},
  journal   = {Theoretical Computer Science},
  year      = {2016},
  volume    = {638},
  pages     = {27--32},
  bibsource = {dblp computer science bibliography, http://dblp.org},
  biburl    = {http://dblp.dagstuhl.de/rec/bib/journals/tcs/ButmanLM16},
  doi       = {10.1016/j.tcs.2016.02.036},
  groups    = {report},
}

@Article{DBLP:journals/siamcomp/ColeH03a,
  author    = {Richard Cole and Ramesh Hariharan},
  title     = {Faster Suffix Tree Construction with Missing Suffix Links},
  journal   = {{SIAM} Journal on Computing},
  year      = {2003},
  volume    = {33},
  number    = {1},
  pages     = {26--42},
  bibsource = {dblp computer science bibliography, http://dblp.org},
  biburl    = {http://dblp.dagstuhl.de/rec/bib/journals/siamcomp/ColeH03a},
  doi       = {10.1137/S0097539701424465},
  groups    = {report},
}

@Article{DBLP:journals/toc/Kopparty0S16,
  author    = {Swastik Kopparty and Mrinal Kumar and Michael E. Saks},
  title     = {Efficient Indexing of Necklaces and Irreducible Polynomials over Finite Fields},
  journal   = {Theory of Computing},
  year      = {2016},
  volume    = {12},
  number    = {1},
  pages     = {1--27},
  bibsource = {dblp computer science bibliography, http://dblp.org},
  biburl    = {http://dblp.dagstuhl.de/rec/bib/journals/toc/Kopparty0S16},
  doi       = {10.4086/toc.2016.v012a007},
  groups    = {report},
}

@Article{DBLP:journals/algorithmica/GrammNR03,
  author    = {Jens Gramm and Rolf Niedermeier and Peter Rossmanith},
  title     = {Fixed-Parameter Algorithms for \textsc{Clostest String} and Related Problems},
  journal   = {Algorithmica},
  year      = {2003},
  volume    = {37},
  number    = {1},
  pages     = {25--42},
  bibsource = {dblp computer science bibliography, http://dblp.org},
  biburl    = {http://dblp.dagstuhl.de/rec/bib/journals/algorithmica/GrammNR03},
  doi       = {10.1007/s00453-003-1028-3},
  groups    = {report},
}

@Article{DBLP:journals/algorithmica/AmirPR16,
  author    = {Amihood Amir and Haim Paryenty and Liam Roditty},
  title     = {Configurations and Minority in the String Consensus Problem},
  journal   = {Algorithmica},
  year      = {2016},
  volume    = {74},
  number    = {4},
  pages     = {1267--1292},
  bibsource = {dblp computer science bibliography, http://dblp.org},
  biburl    = {http://dblp.dagstuhl.de/rec/bib/journals/algorithmica/AmirPR16},
  doi       = {10.1007/s00453-015-9996-7},
  groups    = {report},
}

@Article{DBLP:journals/tit/ZivL78,
  author    = {Jacob Ziv and Abraham Lempel},
  title     = {Compression of individual sequences via variable-rate coding},
  journal   = {{IEEE} Transactions on Information Theory},
  year      = {1978},
  volume    = {24},
  number    = {5},
  pages     = {530--536},
  bibsource = {dblp computer science bibliography, http://dblp.org},
  biburl    = {http://dblp.dagstuhl.de/rec/bib/journals/tit/ZivL78},
  doi       = {10.1109/TIT.1978.1055934},
  groups    = {report},
}

@Book{AlgorithmsOnStrings,
  title     = {Algorithms on Strings},
  publisher = {Cambridge University Press},
  year      = {2007},
  author    = {Maxime Crochemore and Christophe Hancart and Thierry Lecroq},
  address   = {New York, NY, USA},
  isbn      = {978-0-521-84899-2},
  groups    = {2015_weighted, 2014_min_suf, 2013_suffix_selection, 2015_cubes_in_trees, 2015_weighted_index, 2011_seeds, 2012_period_queries, 2012_tree_squares_number, 2013_lcs, 2016_lyndon_runs, 2015_sparse_sa, 2013_lyndon, 2014_indeterminate, thesis, 2016_better_weighted_index, report},
}

@Book{PartialWords,
  title     = {Algorithmic Combinatorics on Partial Words},
  publisher = {{CRC} Press},
  year      = {2008},
  author    = {Francine Blanchet{-}Sadri},
  series    = {Discrete mathematics and its applications},
  isbn      = {978-1-4200-6092-8},
  groups    = {2014_indeterminate, report},
  url       = {http://www.crcpress.com/product/isbn/9781420060928},
}

@InProceedings{DBLP:/conf/cpm/GawrychowskiKRW16,
  author    = {Paweł Gawrychowski and Tomasz Kociumaka and Wojciech Rytter and Tomasz Waleń},
  title     = {Faster longest common extension queries in strings over general alphabets},
  booktitle = {Combinatorial Pattern Matching, {CPM} 2016},
  year      = {2016},
  editor    = {Roberto Grossi and Moshe Lewenstein},
  volume    = {54},
  series    = {LIPIcs},
  pages     = {5:1--5:13},
  publisher = {Schloss Dagstuhl--Leibniz-Zentrum für Informatik},
  doi       = {10.4230/LIPIcs.CPM.2016.5},
  field     = {Text algorithms},
  groups    = {2016_lyndon_runs, thesis, report},
  type      = {Conference papers},
}

@InProceedings{DBLP:conf/cpm/BilleGKLV15,
  author    = {Philip Bille and Inge Li G{\o}rtz and Mathias B{\ae}k Tejs Knudsen and Moshe Lewenstein and Hjalte Wedel Vildh{\o}j},
  title     = {Longest Common Extensions in Sublinear Space},
  booktitle = {Combinatorial Pattern Matching, {CPM} 2015},
  year      = {2015},
  editor    = {Ferdinando Cicalese and Ely Porat and Ugo Vaccaro},
  volume    = {9133},
  series    = {LNCS},
  pages     = {65--76},
  publisher = {Springer},
  bibsource = {dblp computer science bibliography, http://dblp.org},
  biburl    = {http://dblp.uni-trier.de/rec/bib/conf/cpm/BilleGKLV15},
  doi       = {10.1007/978-3-319-19929-0_6},
  groups    = {2015_lce_queries, 2015_sparse_sa, thesis, report},
  timestamp = {Tue, 16 Jun 2015 12:30:58 +0200},
}

@InProceedings{DBLP:conf/cpm/CrochemoreIKKRRTW12,
  author    = {Crochemore, Maxime and Iliopoulos, Costas S. and Kociumaka, Tomasz and Kubica, Marcin and Radoszewski, Jakub and Rytter, Wojciech and Tyczyński, Wojciech and Waleń, Tomasz},
  title     = {The Maximum Number of Squares in a Tree},
  booktitle = {Combinatorial Pattern Matching, {CPM} 2012},
  year      = {2012},
  editor    = {Kärkkäinen, Juha and Stoye, Jens},
  volume    = {7354},
  series    = {{LNCS}},
  pages     = {27--40},
  publisher = {Springer},
  bibsource = {DBLP, http://dblp.uni-trier.de},
  doi       = {10.1007/978-3-642-31265-6_3},
  groups    = {2013-generalized-squares, 2015_cubes_in_trees, report},
  isbn      = {978-3-642-31264-9},
}

@InProceedings{DBLP:conf/cpm/StarikovskayaV13,
  author    = {Tatiana Starikovskaya and Hjalte Wedel Vildh{\o}j},
  title     = {Time-Space Trade-Offs for the Longest Common Substring Problem},
  booktitle = {Combinatorial Pattern Matching, {CPM} 2013},
  year      = {2013},
  editor    = {Johannes Fischer and Peter Sanders},
  volume    = {7922},
  series    = {LNCS},
  pages     = {223--234},
  publisher = {Springer},
  bibsource = {dblp computer science bibliography, http://dblp.org},
  biburl    = {http://dblp.uni-trier.de/rec/bib/conf/cpm/2013},
  doi       = {10.1007/978-3-642-38905-4},
  groups    = {2013_lcs, report},
  isbn      = {978-3-642-38904-7},
  timestamp = {Fri, 12 Dec 2014 17:37:41 +0100},
}

@InProceedings{DBLP:conf/esa/KociumakaRR13,
  author    = {Tomasz Kociumaka and Jakub Radoszewski and Wojciech Rytter},
  title     = {Efficient Indexes for Jumbled Pattern Matching with Constant-Sized Alphabet},
  booktitle = {Algorithms, {ESA} 2013},
  year      = {2013},
  editor    = {Hans L. Bodlaender and Giuseppe F. Italiano},
  volume    = {8125},
  series    = {LNCS},
  pages     = {625--636},
  publisher = {Springer},
  bibsource = {dblp computer science bibliography, http://dblp.org},
  biburl    = {http://dblp.uni-trier.de/rec/bib/conf/esa/2013},
  doi       = {10.1007/978-3-642-40450-4},
  groups    = {2012_abelian_special, 2013_abelian_index, report},
  isbn      = {978-3-642-40449-8},
  timestamp = {Wed, 21 Aug 2013 12:35:01 +0200},
}

@InProceedings{DBLP:conf/focs/KolpakovK99,
  author    = {Roman M. Kolpakov and Gregory Kucherov},
  title     = {Finding Maximal Repetitions in a Word in Linear Time},
  booktitle = {40th Annual Symposium on Foundations of Computer Science, {FOCS} 1999},
  year      = {1999},
  pages     = {596--604},
  publisher = {{IEEE} Computer Society},
  bibsource = {dblp computer science bibliography, http://dblp.org},
  biburl    = {http://dblp.uni-trier.de/rec/bib/conf/focs/KolpakovK99},
  doi       = {10.1109/SFFCS.1999.814634},
  groups    = {2016_lyndon_runs, 2011_seeds, thesis, 2017_squares_partial, report},
  isbn      = {0-7695-0409-4},
  timestamp = {Mon, 15 Dec 2014 18:48:45 +0100},
}

@InProceedings{DBLP:conf/icalp/AmirCLL14,
  author    = {Amihood Amir and Timothy M. Chan and Moshe Lewenstein and Noa Lewenstein},
  title     = {On Hardness of Jumbled Indexing},
  booktitle = {Automata, Languages, and Programming, {ICALP} 2014, Part {I}},
  year      = {2014},
  editor    = {Javier Esparza and Pierre Fraigniaud and Thore Husfeldt and Elias Koutsoupias},
  volume    = {8572},
  series    = {LNCS},
  pages     = {114--125},
  publisher = {Springer},
  bibsource = {dblp computer science bibliography, http://dblp.org},
  biburl    = {http://dblp.uni-trier.de/rec/bib/conf/icalp/2014-1},
  doi       = {10.1007/978-3-662-43948-7},
  groups    = {2012_abelian_special, 2013_abelian_index, report},
  isbn      = {978-3-662-43947-0},
  timestamp = {Fri, 13 Jun 2014 13:46:28 +0200},
}

@InProceedings{DBLP:conf/icalp/KoppartyKS14,
  author    = {Swastik Kopparty and Mrinal Kumar and Michael E. Saks},
  title     = {Efficient Indexing of Necklaces and Irreducible Polynomials over Finite Fields},
  booktitle = {Automata, Languages, and Programming, {ICALP} 2014, Part {I}},
  year      = {2014},
  editor    = {Javier Esparza and Pierre Fraigniaud and Thore Husfeldt and Elias Koutsoupias},
  volume    = {8572},
  series    = {LNCS},
  pages     = {726--737},
  publisher = {Springer},
  bibsource = {dblp computer science bibliography, http://dblp.org},
  biburl    = {http://dblp.uni-trier.de/rec/bib/conf/icalp/2014-1},
  doi       = {10.1007/978-3-662-43948-7\_60},
  groups    = {2013_lyndon, report},
  isbn      = {978-3-662-43947-0},
  timestamp = {Fri, 13 Jun 2014 13:46:28 +0200},
}

@InProceedings{DBLP:conf/soda/BannaiIINTT15,
  author    = {Hideo Bannai and Tomohiro I and Shunsuke Inenaga and Yuto Nakashima and Masayuki Takeda and Kazuya Tsuruta},
  title     = {A new characterization of maximal repetitions by {Lyndon} trees},
  booktitle = {26th Annual {ACM-SIAM} Symposium on Discrete Algorithms, {SODA} 2015},
  year      = {2015},
  editor    = {Piotr Indyk},
  pages     = {562--571},
  publisher = {{SIAM}},
  bibsource = {dblp computer science bibliography, http://dblp.org},
  biburl    = {http://dblp.uni-trier.de/rec/bib/conf/soda/BannaiIINTT15},
  doi       = {10.1137/1.9781611973730.38},
  groups    = {2015_lce_queries, 2016_lyndon_runs, thesis, 2017_squares_partial, report},
  timestamp = {Wed, 28 Jan 2015 11:43:18 +0100},
}

@InProceedings{DBLP:conf/soda/KociumakaKRRW12,
  author    = {Tomasz Kociumaka and Marcin Kubica and Jakub Radoszewski and Wojciech Rytter and Tomasz Waleń},
  title     = {A linear time algorithm for seeds computation},
  booktitle = {23rd Annual {ACM-SIAM} Symposium on Discrete Algorithms, {SODA} 2012},
  year      = {2012},
  editor    = {Yuval Rabani},
  pages     = {1095--1112},
  publisher = {{SIAM}},
  bibsource = {dblp computer science bibliography, http://dblp.org},
  biburl    = {http://dblp.uni-trier.de/rec/bib/conf/soda/2012},
  doi       = {10.1137/1.9781611973099},
  groups    = {2013_partial_seeds, 2014_indeterminate, report},
  isbn      = {978-1-61197-210-8},
  timestamp = {Wed, 12 Feb 2014 17:08:16 +0100},
}

@InProceedings{DBLP:conf/soda/KociumakaRRW15,
  author    = {Tomasz Kociumaka and Jakub Radoszewski and Wojciech Rytter and Tomasz Waleń},
  title     = {Internal Pattern Matching Queries in a Text and Applications},
  booktitle = {26th Annual {ACM-SIAM} Symposium on Discrete Algorithms, {SODA} 2015},
  year      = {2015},
  editor    = {Piotr Indyk},
  pages     = {532--551},
  publisher = {{SIAM}},
  doi       = {10.1137/1.9781611973730.36},
  groups    = {2014_min_suf, 2013_suffix_selection, 2016_lyndon_runs, 2015_cubes_in_trees, thesis, report},
}

@InProceedings{DBLP:conf/stacs/GawrychowskiIIK16,
  author    = {Paweł Gawrychowski and Tomohiro I and Shunsuke Inenaga and Dominik K{\"{o}}ppl and Florin Manea},
  title     = {Efficiently Finding All Maximal $\alpha$-gapped Repeats},
  booktitle = {Symposium on Theoretical Aspects of Computer Science, {STACS} 2016},
  year      = {2016},
  editor    = {Nicolas Ollinger and Heribert Vollmer},
  volume    = {47},
  series    = {LIPIcs},
  pages     = {39:1--39:14},
  publisher = {Schloss Dagstuhl--Leibniz-Zentrum für Informatik},
  bibsource = {dblp computer science bibliography, http://dblp.org},
  biburl    = {http://dblp.uni-trier.de/rec/bib/conf/stacs/GawrychowskiIIK16},
  doi       = {10.4230/LIPIcs.STACS.2016.39},
  groups    = {2014_min_suf, thesis, report},
  timestamp = {Mon, 22 Feb 2016 12:54:27 +0100},
}

@InProceedings{DBLP:conf/stacs/Kosolobov15,
  author    = {Dmitry Kosolobov},
  title     = {Lempel-{Z}iv Factorization May Be Harder Than Computing All Runs},
  booktitle = {Symposium on Theoretical Aspects of Computer Science, {STACS} 2015},
  year      = {2015},
  editor    = {Ernst W. Mayr and Nicolas Ollinger},
  volume    = {30},
  series    = {LIPIcs},
  pages     = {582--593},
  publisher = {Schloss Dagstuhl--Leibniz-Zentrum für Informatik},
  bibsource = {dblp computer science bibliography, http://dblp.org},
  biburl    = {http://dblp.uni-trier.de/rec/bib/conf/stacs/Kosolobov15},
  doi       = {10.4230/LIPIcs.STACS.2015.582},
  groups    = {2015_lce_queries, report},
  timestamp = {Mon, 09 Mar 2015 12:18:13 +0100},
}

@InProceedings{DBLP:conf/stoc/ChanL15,
  author    = {Timothy M. Chan and Moshe Lewenstein},
  title     = {Clustered Integer 3{SUM} via Additive Combinatorics},
  booktitle = {47th Annual {ACM} on Symposium on Theory of Computing, {STOC} 2015},
  year      = {2015},
  editor    = {Rocco A. Servedio and Ronitt Rubinfeld},
  pages     = {31--40},
  publisher = {{ACM}},
  bibsource = {dblp computer science bibliography, http://dblp.org},
  biburl    = {http://dblp.uni-trier.de/rec/bib/conf/stoc/2015},
  groups    = {2013_abelian_index, report},
  isbn      = {978-1-4503-3536-2},
  timestamp = {Wed, 10 Jun 2015 17:10:14 +0200},
  url       = {http://dl.acm.org/citation.cfm?id=2746539},
}

@InProceedings{DBLP:journals/corr/CrochemoreKK15,
  author    = {Maxime Crochemore and Roman Kolpakov and Gregory Kucherov},
  title     = {Optimal Bounds for Computing $\alpha$-gapped Repeats},
  booktitle = {Language and Automata Theory and Applications, {LATA} 2016},
  year      = {2016},
  editor    = {Adrian{-}Horia Dediu and Jan Janousek and Carlos Mart{\'{\i}}n{-}Vide and Bianca Truthe},
  volume    = {9618},
  series    = {LNCS},
  pages     = {245--255},
  publisher = {Springer},
  bibsource = {dblp computer science bibliography, http://dblp.org},
  biburl    = {http://dblp.uni-trier.de/rec/bib/conf/lata/CrochemoreKK16},
  doi       = {10.1007/978-3-319-30000-9_19},
  groups    = {2014_min_suf, thesis, report},
  timestamp = {Mon, 29 Feb 2016 14:34:42 +0100},
}

@InProceedings{DBLP:conf/soda/CormodeM05,
  author    = {Cormode, Graham and Muthukrishnan, S.},
  title     = {Substring Compression Problems},
  booktitle = {16th Annual {ACM-SIAM} Symposium on Discrete Algorithms, {SODA} 2005},
  year      = {2005},
  pages     = {321--330},
  publisher = {{SIAM}},
  groups    = {2014_min_suf, 2013_suffix_selection, thesis, report},
  url       = {http://dl.acm.org/citation.cfm?id=1070432.1070478},
}

@InProceedings{WaveletSuffixTree,
  author    = {Maxim Babenko and Paweł Gawrychowski and Tomasz Kociumaka and Tatiana Starikovskaya},
  title     = {Wavelet trees meet suffix trees},
  booktitle = {26th Annual {ACM-SIAM} Symposium on Discrete Algorithms, {SODA} 2015},
  year      = {2015},
  editor    = {Piotr Indyk},
  pages     = {572--591},
  publisher = {{SIAM}},
  doi       = {10.1137/1.9781611973730.39},
  groups    = {2014_min_suf, 2013_suffix_selection, 2013_abelian_index, thesis, report},
}

@InProceedings{DBLP:conf/dlt/BrlekLP15,
  author    = {Srečko Brlek and Nadia Lafreni{\`{e}}re and Xavier Proven{\c{c}}al},
  title     = {Palindromic Complexity of Trees},
  booktitle = {Developments in Language Theory, {DLT} 2015},
  year      = {2015},
  editor    = {Igor Potapov},
  volume    = {9168},
  series    = {LNCS},
  pages     = {155--166},
  publisher = {Springer},
  bibsource = {dblp computer science bibliography, http://dblp.org},
  biburl    = {http://dblp.uni-trier.de/rec/bib/conf/dlt/BrlekLP15},
  doi       = {10.1007/978-3-319-21500-6_12},
  groups    = {2015_cubes_in_trees, report},
  timestamp = {Wed, 22 Jul 2015 14:08:02 +0200},
}

@InProceedings{DBLP:conf/spire/GawrychowskiKRW15,
  author    = {Paweł Gawrychowski and Tomasz Kociumaka and Wojciech Rytter and Tomasz Waleń},
  title     = {Tight bound for the number of distinct palindromes in a tree},
  booktitle = {String Processing and Information Retrieval, {SPIRE} 2015},
  year      = {2015},
  editor    = {Costas S. Iliopoulos and Simon J. Puglisi and Emine Yilmaz},
  volume    = {9309},
  series    = {LNCS},
  pages     = {270--276},
  publisher = {Springer},
  bibsource = {dblp computer science bibliography, http://dblp.org},
  biburl    = {http://dblp.uni-trier.de/rec/bib/conf/spire/GawrychowskiKRW15},
  doi       = {10.1007/978-3-319-23826-5_26},
  groups    = {2015_cubes_in_trees, report},
  timestamp = {Sat, 05 Sep 2015 14:25:44 +0200},
}

@InProceedings{CP10,
  author     = {Timothy M. Chan and Mihai P\u{a}tra\c{s}cu},
  booktitle  = {{SODA}},
  title      = {Counting Inversions, Offline Orthogonal Range Counting, and Related Problems},
  year       = {2010},
  _editor    = {Moses Charikar},
  _pages     = {161--173},
  _publisher = {{SIAM}},
  bibsource  = {dblp computer science bibliography, http://dblp.org},
  biburl     = {http://dblp.dagstuhl.de/rec/bib/conf/soda/ChanP10},
  doi        = {10.1137/1.9781611973075.15},
  groups     = {thesis, report},
}

@InProceedings{DBLP:conf/cpm/BabenkoGKS14,
  author    = {Maxim A. Babenko and Paweł Gawrychowski and Tomasz Kociumaka and Tatiana Starikovskaya},
  title     = {Computing Minimal and Maximal Suffixes of a Substring Revisited},
  booktitle = {Combinatorial Pattern Matching, {CPM} 2014},
  year      = {2014},
  editor    = {Alexander S. Kulikov and Sergei O. Kuznetsov and Pavel A. Pevzner},
  volume    = {8486},
  series    = {{LNCS}},
  pages     = {30--39},
  publisher = {Springer},
  bibsource = {dblp computer science bibliography, http://dblp.org},
  biburl    = {http://dblp.dagstuhl.de/rec/bib/conf/cpm/BabenkoGKS14},
  doi       = {10.1007/978-3-319-07566-2_4},
  groups    = {thesis, report},
}

@InProceedings{DBLP:conf/cpm/BabenkoKS13,
  author    = {Maxim A. Babenko and Ignat I. Kolesnichenko and Tatiana Starikovskaya},
  title     = {On Minimal and Maximal Suffixes of a Substring},
  booktitle = {Combinatorial Pattern Matching, {CPM} 2013},
  year      = {2013},
  editor    = {Johannes Fischer and Peter Sanders},
  volume    = {7922},
  series    = {{LNCS}},
  pages     = {28--37},
  publisher = {Springer},
  bibsource = {dblp computer science bibliography, http://dblp.org},
  biburl    = {http://dblp.dagstuhl.de/rec/bib/conf/cpm/BabenkoKS13},
  doi       = {10.1007/978-3-642-38905-4_5},
  groups    = {thesis, report},
}

@InProceedings{DBLP:conf/cpm/KolpakovPPK14,
  author    = {Roman Kolpakov and Mikhail Podolskiy and Mikhail Posypkin and Nickolay Khrapov},
  title     = {Searching of Gapped Repeats and Subrepetitions in a Word},
  booktitle = {Combinatorial Pattern Matching, {CPM} 2014},
  year      = {2014},
  editor    = {Alexander S. Kulikov and Sergei O. Kuznetsov and Pavel A. Pevzner},
  volume    = {8486},
  series    = {{LNCS}},
  pages     = {212--221},
  publisher = {Springer},
  bibsource = {dblp computer science bibliography, http://dblp.org},
  biburl    = {http://dblp.dagstuhl.de/rec/bib/conf/cpm/KolpakovPPK14},
  doi       = {10.1007/978-3-319-07566-2_22},
  groups    = {thesis, report},
}

@InProceedings{DBLP:conf/cpm/Kociumaka16,
  author    = {Tomasz Kociumaka},
  title     = {Minimal Suffix and Rotation of a Substring in Optimal Time},
  booktitle = {Combinatorial Pattern Matching, {CPM} 2016},
  year      = {2016},
  editor    = {Roberto Grossi and Moshe Lewenstein},
  volume    = {54},
  series    = {LIPIcs},
  pages     = {28:1--28:12},
  publisher = {Schloss Dagstuhl--Leibniz-Zentrum für Informatik},
  bibsource = {dblp computer science bibliography, http://dblp.org},
  biburl    = {http://dblp.dagstuhl.de/rec/bib/conf/cpm/Kociumaka16},
  doi       = {10.4230/LIPIcs.CPM.2016.28},
  groups    = {2017_squares_partial, report},
}

@InProceedings{DBLP:conf/soda/GawrychowskiK17,
  author    = {Paweł Gawrychowski and Tomasz Kociumaka},
  title     = {Sparse Suffix Tree Construction in Optimal Time and Space},
  booktitle = {28th Annual {ACM-SIAM} Symposium on Discrete Algorithms, {SODA} 2017},
  year      = {2017},
  editor    = {Philip N. Klein},
  pages     = {425--439},
  publisher = {{SIAM}},
  bibsource = {dblp computer science bibliography, http://dblp.org},
  biburl    = {http://dblp.dagstuhl.de/rec/bib/conf/soda/GawrychowskiK17},
  doi       = {10.1137/1.9781611974782.27},
  groups    = {thesis, report},
}

@InProceedings{DBLP:conf/esa/KociumakaSV14,
  author    = {Tomasz Kociumaka and Tatiana Starikovskaya and Hjalte Wedel Vildh{\o}j},
  title     = {Sublinear Space Algorithms for the Longest Common Substring Problem},
  booktitle = {Algorithms, {ESA} 2014},
  year      = {2014},
  editor    = {Andreas S. Schulz and Dorothea Wagner},
  volume    = {8737},
  series    = {{LNCS}},
  pages     = {605--617},
  publisher = {Springer},
  bibsource = {dblp computer science bibliography, http://dblp.org},
  biburl    = {http://dblp.dagstuhl.de/rec/bib/conf/esa/KociumakaSV14},
  doi       = {10.1007/978-3-662-44777-2_50},
  groups    = {report},
}

@InProceedings{DBLP:conf/esa/0001GGK15,
  author    = {Johannes Fischer and Travis Gagie and Paweł Gawrychowski and Tomasz Kociumaka},
  title     = {Approximating {LZ77} via Small-Space Multiple-Pattern Matching},
  booktitle = {Algorithms, {ESA} 2015},
  year      = {2015},
  editor    = {Nikhil Bansal and Irene Finocchi},
  volume    = {9294},
  series    = {LNCS},
  pages     = {533--544},
  publisher = {Springer},
  bibsource = {dblp computer science bibliography, http://dblp.org},
  biburl    = {http://dblp.dagstuhl.de/rec/bib/conf/esa/0001GGK15},
  doi       = {10.1007/978-3-662-48350-3_45},
  groups    = {report},
}

@InProceedings{DBLP:conf/spire/CrochemoreIKKPR16,
  author    = {Maxime Crochemore and Costas S. Iliopoulos and Tomasz Kociumaka and Ritu Kundu and Solon P. Pissis and Jakub Radoszewski and Wojciech Rytter and Tomasz Waleń},
  title     = {Near-Optimal Computation of Runs over General Alphabet via Non-Crossing {LCE} Queries},
  booktitle = {String Processing and Information Retrieval, {SPIRE} 2016},
  year      = {2016},
  editor    = {Shunsuke Inenaga and Kunihiko Sadakane and Tetsuya Sakai},
  volume    = {9954},
  series    = {LNCS},
  pages     = {22--34},
  bibsource = {dblp computer science bibliography, http://dblp.org},
  biburl    = {http://dblp.dagstuhl.de/rec/bib/conf/spire/CrochemoreIKKPR16},
  doi       = {10.1007/978-3-319-46049-9_3},
  groups    = {report},
}

@InProceedings{DBLP:conf/spire/BannaiIKLRRSW15,
  author    = {Hideo Bannai and Shunsuke Inenaga and Tomasz Kociumaka and Arnaud Lefebvre and Jakub Radoszewski and Wojciech Rytter and Shiho Sugimoto and Tomasz Waleń},
  title     = {Efficient Algorithms for Longest Closed Factor Array},
  booktitle = {String Processing and Information Retrieval, {SPIRE} 2015},
  year      = {2015},
  editor    = {Costas S. Iliopoulos and Simon J. Puglisi and Emine Yilmaz},
  volume    = {9309},
  series    = {LNCS},
  pages     = {95--102},
  publisher = {Springer},
  bibsource = {dblp computer science bibliography, http://dblp.org},
  biburl    = {http://dblp.dagstuhl.de/rec/bib/conf/spire/BannaiIKLRRSW15},
  doi       = {10.1007/978-3-319-23826-5_10},
  groups    = {report},
}

@InProceedings{DBLP:conf/cocoon/Charalampopoulos17,
  author    = {Panagiotis Charalampopoulos and Maxime Crochemore and Costas S. Iliopoulos and Tomasz Kociumaka and Solon P. Pissis and Jakub Radoszewski and Wojciech Rytter and Tomasz Walen},
  title     = {Efficient Enumeration of Non-Equivalent Squares in Partial Words with Few Holes},
  booktitle = {Computing and Combinatorics, {COCOON} 2017},
  year      = {2017},
  editor    = {Yixin Cao and Jianer Chen},
  volume    = {10392},
  series    = {LNCS},
  pages     = {99--111},
  publisher = {Springer},
  bibsource = {dblp computer science bibliography, http://dblp.org},
  biburl    = {http://dblp.dagstuhl.de/rec/bib/conf/cocoon/Charalampopoulos17},
  doi       = {10.1007/978-3-319-62389-4_9},
  groups    = {report},
}

@InProceedings{DBLP:conf/spire/BadkobehGIKKP17,
  author    = {Golnaz Badkobeh and Travis Gagie and Shunsuke Inenaga and Tomasz Kociumaka and Dmitry Kosolobov and Simon J. Puglisi},
  title     = {On Two {LZ78}-style Grammars: Compression Bounds and Compressed-Space Computation},
  booktitle = {String Processing and Information Retrieval, {SPIRE} 2017},
  year      = {2017},
  eprint    = {1705.09538},
  field     = {Text algorithms},
  groups    = {report},
  pubstate  = {forthcoming},
  type      = {Conference papers},
}

@InProceedings{DBLP:conf/stoc/Belazzougui14,
  author    = {Djamal Belazzougui},
  title     = {Linear time construction of compressed text indices in compact space},
  booktitle = {46th Annual {ACM} on Symposium on Theory of Computing, {STOC} 2014},
  year      = {2014},
  editor    = {David B. Shmoys},
  pages     = {148--193},
  publisher = {{ACM}},
  bibsource = {dblp computer science bibliography, http://dblp.org},
  biburl    = {http://dblp.dagstuhl.de/rec/bib/conf/stoc/Belazzougui14},
  doi       = {10.1145/2591796.2591885},
  groups    = {report},
}

@InProceedings{DBLP:conf/soda/MunroNN17,
  author    = {J. Ian Munro and Gonzalo Navarro and Yakov Nekrich},
  title     = {Space-Efficient Construction of Compressed Indexes in Deterministic Linear Time},
  booktitle = {28th Annual {ACM-SIAM} Symposium on Discrete Algorithms, {SODA} 2017},
  year      = {2017},
  editor    = {Philip N. Klein},
  pages     = {408--424},
  publisher = {{SIAM}},
  bibsource = {dblp computer science bibliography, http://dblp.org},
  biburl    = {http://dblp.dagstuhl.de/rec/bib/conf/soda/MunroNN17},
  doi       = {10.1137/1.9781611974782.26},
  groups    = {report},
}

@InProceedings{DBLP:journals/corr/TanimuraNBIT17,
  author    = {Yuka Tanimura and Takaaki Nishimoto and Hideo Bannai and Shunsuke Inenaga and Masayuki Takeda},
  title     = {Small-space encoding {LCE} data structure with constant-time queries},
  booktitle = {Mathematical Foundations of Computer Science, {MFCS} 2017},
  year      = {2017},
  bibsource = {dblp computer science bibliography, http://dblp.org},
  biburl    = {http://dblp.dagstuhl.de/rec/bib/journals/corr/TanimuraNBIT17},
  eprint    = {1702.07458},
  groups    = {report},
}

@InProceedings{DBLP:conf/esa/CliffordFPSS15,
  author    = {Rapha{\"{e}}l Clifford and Allyx Fontaine and Ely Porat and Benjamin Sach and Tatiana Starikovskaya},
  title     = {Dictionary Matching in a Stream},
  booktitle = {Algorithms - {ESA} 2015 - 23rd Annual European Symposium, Patras, Greece, September 14-16, 2015, Proceedings},
  year      = {2015},
  editor    = {Nikhil Bansal and Irene Finocchi},
  volume    = {9294},
  series    = {Lecture Notes in Computer Science},
  pages     = {361--372},
  publisher = {Springer},
  bibsource = {dblp computer science bibliography, http://dblp.org},
  biburl    = {http://dblp.dagstuhl.de/rec/bib/conf/esa/CliffordFPSS15},
  doi       = {10.1007/978-3-662-48350-3_31},
  groups    = {report},
}

@InProceedings{DBLP:conf/spire/CrochemoreIKKLPRRW13,
  author    = {Maxime Crochemore and Costas S. Iliopoulos and Tomasz Kociumaka and Marcin Kubica and Alessio Langiu and Solon P. Pissis and Jakub Radoszewski and Wojciech Rytter and Tomasz Walen},
  title     = {Order-Preserving Incomplete Suffix Trees and Order-Preserving Indexes},
  booktitle = {String Processing and Information Retrieval, {SPIRE} 2013,},
  year      = {2013},
  editor    = {Oren Kurland and Moshe Lewenstein and Ely Porat},
  volume    = {8214},
  series    = {LNCS},
  pages     = {84--95},
  publisher = {Springer},
  bibsource = {dblp computer science bibliography, http://dblp.org},
  biburl    = {http://dblp.dagstuhl.de/rec/bib/conf/spire/CrochemoreIKKLPRRW13},
  doi       = {10.1007/978-3-319-02432-5_13},
  groups    = {report},
}

@InProceedings{DBLP:conf/lata/Blanchet-SadriL13,
  author    = {Francine Blanchet{-}Sadri and Justin Lazarow},
  title     = {Suffix Trees for Partial Words and the Longest Common Compatible Prefix Problem},
  booktitle = {Language and Automata Theory and Applications, {LATA} 2013},
  year      = {2013},
  editor    = {Adrian{-}Horia Dediu and Carlos Mart{\'{\i}}n{-}Vide and Bianca Truthe},
  volume    = {7810},
  series    = {LNCS},
  pages     = {165--176},
  publisher = {Springer},
  bibsource = {dblp computer science bibliography, http://dblp.org},
  biburl    = {http://dblp.dagstuhl.de/rec/bib/conf/lata/Blanchet-SadriL13},
  doi       = {10.1007/978-3-642-37064-9_16},
  groups    = {report},
}

@InProceedings{DBLP:conf/cpm/KociumakaPRRW13,
  author    = {Tomasz Kociumaka and Solon P. Pissis and Jakub Radoszewski and Wojciech Rytter and Tomasz Walen},
  title     = {Fast Algorithm for Partial Covers in Words},
  booktitle = {Combinatorial Pattern Matching, {CPM} 2013},
  year      = {2013},
  editor    = {Johannes Fischer and Peter Sanders},
  volume    = {7922},
  series    = {LNCS},
  pages     = {177--188},
  publisher = {Springer},
  bibsource = {dblp computer science bibliography, http://dblp.org},
  biburl    = {http://dblp.dagstuhl.de/rec/bib/conf/cpm/KociumakaPRRW13},
  doi       = {10.1007/978-3-642-38905-4_18},
  groups    = {report},
}

@InProceedings{DBLP:conf/lata/KociumakaRRW13,
  author    = {Tomasz Kociumaka and Jakub Radoszewski and Wojciech Rytter and Tomasz Walen},
  title     = {Linear-Time Version of Holub's Algorithm for Morphic Imprimitivity Testing},
  booktitle = {Language and Automata Theory and Applications, {LATA} 2013},
  year      = {2013},
  editor    = {Adrian{-}Horia Dediu and Carlos Mart{\'{\i}}n{-}Vide and Bianca Truthe},
  volume    = {7810},
  series    = {LNCS},
  pages     = {383--394},
  publisher = {Springer},
  bibsource = {dblp computer science bibliography, http://dblp.org},
  biburl    = {http://dblp.dagstuhl.de/rec/bib/conf/lata/KociumakaRRW13},
  doi       = {10.1007/978-3-642-37064-9_34},
  groups    = {report},
}

@InProceedings{DBLP:conf/stacs/KociumakaRR13,
  author    = {Tomasz Kociumaka and Jakub Radoszewski and Wojciech Rytter},
  title     = {Fast Algorithms for Abelian Periods in Words and Greatest Common Divisor Queries},
  booktitle = {Symposium on Theoretical Aspects of Computer Science, {STACS} 2013},
  year      = {2013},
  editor    = {Natacha Portier and Thomas Wilke},
  volume    = {20},
  series    = {LIPIcs},
  pages     = {245--256},
  publisher = {Schloss Dagstuhl--Leibniz-Zentrum für Informatik},
  bibsource = {dblp computer science bibliography, http://dblp.org},
  biburl    = {http://dblp.uni-trier.de/rec/bib/conf/stacs/2013},
  doi       = {10.4230/LIPIcs.STACS.2013.245},
  groups    = {2012_abelian_special, report},
  isbn      = {978-3-939897-50-7},
  timestamp = {Tue, 26 Feb 2013 10:40:05 +0100},
}

@InProceedings{DBLP:conf/isaac/KociumakaPRRW12,
  author    = {Tomasz Kociumaka and Jakub Pachocki and Jakub Radoszewski and Wojciech Rytter and Tomasz Waleń},
  title     = {Efficient Counting of Square Substrings in a Tree},
  booktitle = {Algorithms and Computation, {ISAAC 2012}},
  year      = {2012},
  editor    = {Kun-Mao Chao and Tsan-sheng Hsu and Der-Tsai Lee},
  volume    = {7676},
  series    = {{LNCS}},
  pages     = {207--216},
  publisher = {Springer},
  bibsource = {DBLP, http://dblp.uni-trier.de},
  doi       = {10.1007/978-3-642-35261-4_24},
  groups    = {report},
  isbn      = {978-3-642-35260-7},
}

@Misc{DBLP:journals/corr/BannaiIINTT14,
  author    = {Hideo Bannai and Tomohiro I and Shunsuke Inenaga and Yuto Nakashima and Masayuki Takeda and Kazuya Tsuruta},
  title     = {The ``Runs'' Theorem},
  year      = {2015},
  bibsource = {dblp computer science bibliography, http://dblp.org},
  biburl    = {http://dblp.uni-trier.de/rec/bib/journals/corr/BannaiIINTT14},
  eprint    = {1406.0263v7},
  groups    = {2015_lce_queries, 2014_min_suf, 2016_lyndon_runs, thesis, report},
}

@Misc{RuskeyCombGen,
  author       = {Frank Ruskey},
  title        = {Combinatorial generation},
  howpublished = {Wersja robocza monografii},
  year         = {2003},
  groups       = {2013_lyndon, report},
  url          = {http://www.1stworks.com/ref/RuskeyCombGen.pdf},
}

@mastersthesis{master,
  author = {Tomasz Kociumaka},
  title  = {Approximation algorithms for capacitated facility location problems},
  school = {Uniwersytet Warszawski},
  year   = {2014},
  groups = {report},
  url    = {https://www.mimuw.edu.pl/~kociumaka/files/mgr.pdf},
}

@article{DBLP:journals/tcs/Gonzalez85,
  author    = {Teofilo F. Gonzalez},
  title     = {Clustering to Minimize the Maximum Intercluster Distance},
  journal   = {Theoretical Computer Science},
  volume    = {38},
  year      = {1985},
  pages     = {293--306},
  doi        = {10.1016/0304-3975(85)90224-5},
  bibsource = {DBLP, http://dblp.uni-trier.de}
}

@inproceedings{chk-focs12,
  author    = {Marek Cygan and
               MohammadTaghi Hajiaghayi and
               Samir Khuller},
  title     = {{LP} Rounding for $k$-Centers with Non-uniform Hard Capacities},
  booktitle = {53rd Annual Symposium on Foundations of Computer Science, {FOCS} 2012},
  year      = {2012},
  pages     = {273--282},
  doi        = {10.1109/FOCS.2012.63},
}

@Book{ksiazka,
  title     = {Parameterized Algorithms},
  publisher = {Springer},
  year      = {2015},
  author    = {Marek Cygan and Fedor V. Fomin and Lukasz Kowalik and Daniel Lokshtanov and D{\'{a}}niel Marx and Marcin Pilipczuk and Michał Pilipczuk and Saket Saurabh},
  bibsource = {dblp computer science bibliography, http://dblp.org},
  biburl    = {http://dblp.dagstuhl.de/rec/bib/books/sp/CyganFKLMPPS15},
  doi       = {10.1007/978-3-319-21275-3},
  groups    = {2013_genus_vertex_deletion},
  isbn      = {978-3-319-21274-6},
}

@InProceedings{DBLP:conf/soda/CharikarKMN01,
  author        = {Moses Charikar and Samir Khuller and David M. Mount and Giri Narasimhan},
  title         = {Algorithms for facility location problems with outliers},
  booktitle     = {12th Annual Symposium on Discrete Algorithms, {SOAD 2001}},
  year          = {2001},
  editor        = {S. Rao Kosaraju},
  pages         = {642--651},
  publisher     = {{ACM/SIAM}},
  bibsource     = {dblp computer science bibliography, https://dblp.org},
  biburl        = {https://dblp.org/rec/bib/conf/soda/CharikarKMN01},
  url           = {http://dl.acm.org/citation.cfm?id=365411.365555},
}

@InProceedings{DBLP:conf/ipco/AnBCGMS14,
  author        = {Hyung{-}Chan An and Aditya Bhaskara and Chandra Chekuri and Shalmoli Gupta and Vivek Madan and Ola Svensson},
  title         = {Centrality of Trees for Capacitated k-Center},
  booktitle     = {Integer Programming and Combinatorial Optimization, {IPCO} 2014},
  year          = {2014},
  editor        = {Jon Lee and Jens Vygen},
  volume        = {8494},
  series        = {LNCS},
  pages         = {52--63},
  publisher     = {Springer},
  bibsource     = {dblp computer science bibliography, https://dblp.org},
  biburl        = {https://dblp.org/rec/bib/conf/ipco/AnBCGMS14},
  doi           = {10.1007/978-3-319-07557-0_5},
}

@article{HS1,
    author = {Dorit S. Hochbaum and David B. Shmoys},
    title = {A best possible heuristic for the $k$-center problem},
    journal = {Mathematics of Operations Research},
    volume = {10},
    year = {1985},
    pages = {180--184},
    doi = {10.1287/moor.10.2.180}
}

@TechReport{BWT,
  author      = {Burrows, Michael and Wheeler, David J.},
  title       = {A block-sorting lossless data compression algorithm},
  institution = {Digital Equipment Corporation},
  year        = {1994},
  number      = {124},
  address     = {Palo Alto, California},
  groups      = {thesis, report},
  url         = {http://www.hpl.hp.com/techreports/Compaq-DEC/SRC-RR-124.pdf},
}

@InProceedings{SODA2015_Babenko,
  author    = {Maxim Babenko and Paweł Gawrychowski and Tomasz Kociumaka and Tatiana Starikovskaya},
  title     = {Wavelet trees meet suffix trees},
  booktitle = {26th Annual {ACM-SIAM} Symposium on Discrete Algorithms, {SODA} 2015},
  year      = {2015},
  editor    = {Piotr Indyk},
  pages     = {572--591},
  publisher = {{SIAM}},
  doi       = {10.1137/1.9781611973730.39},
  _eprint    = {1408.6182},
  field     = {Text algorithms},
  groups    = {2014_min_suf, 2013_suffix_selection, 2013_abelian_index},
  isbn      = {978-1-61197-374-7},
  slides    = {files/soda2015a_slides.pdf},
  type      = {Conference papers},
}

@InProceedings{WADS2015,
  author    = {Paweł Gawrychowski and Tomasz Kociumaka and Jakub Radoszewski and Wojciech Rytter and Tomasz Waleń},
  title     = {Universal reconstruction of a string},
  booktitle = {Algorithms and Data Structures, {WADS} 2015},
  year      = {2015},
  editor    = {Frank Dehne and J{\"{o}}rg{-}R{\"{u}}diger Sack and Ulrike Stege},
  number    = {9214},
  series    = {LNCS},
  pages     = {386--397},
  publisher = {Springer},
  bibsource = {dblp computer science bibliography, http://dblp.org},
  biburl    = {http://dblp.uni-trier.de/rec/bib/conf/wads/GawrychowskiKRR15},
  doi       = {10.1007/978-3-319-21840-3_32},
  field     = {Text algorithms},
  groups    = {2015_lce_queries},
  isbn      = {978-3-319-21840-3},
  pdf       = {files/wads2015.pdf},
  slides    = {files/wads2015_slides.pd f},
  timestamp = {Tue, 08 Dec 2015 18:35:01 +0100},
  type      = {Conference papers},
}

@InProceedings{SPIRE2015_Gawrychowski,
  author    = {Paweł Gawrychowski and Tomasz Kociumaka and Wojciech Rytter and Tomasz Waleń},
  title     = {Tight bound for the number of distinct palindromes in a tree},
  booktitle = {String Processing and Information Retrieval, {SPIRE} 2015},
  year      = {2015},
  editor    = {Costas S. Iliopoulos and Simon J. Puglisi and Emine Yilmaz},
  number    = {9309},
  series    = {LNCS},
  pages     = {270--276},
  publisher = {Springer},
  bibsource = {dblp computer science bibliography, http://dblp.org},
  biburl    = {http://dblp.uni-trier.de/rec/bib/conf/spire/GawrychowskiKRW15},
  doi       = {10.1007/978-3-319-23826-5_26},
  field     = {Text algorithms},
  isbn      = {978-3-319-23826-5},
  pdf       = {files/spire2015a.pdf},
  timestamp = {Sat, 05 Sep 2015 14:25:44 +0200},
  type      = {Conference papers},
}

@InProceedings{CPM2012,
  author    = {Crochemore, Maxime and Iliopoulos, Costas S. and Kociumaka, Tomasz and Kubica, Marcin and Radoszewski, Jakub and Rytter, Wojciech and Tyczyński, Wojciech and Waleń, Tomasz},
  title     = {The maximum number of squares in a tree},
  booktitle = {Combinatorial Pattern Matching, {CPM} 2012},
  year      = {2012},
  editor    = {Kärkkäinen, Juha and Stoye, Jens},
  number    = {7354},
  series    = {{LNCS}},
  pages     = {27--40},
  publisher = {Springer},
  bibsource = {DBLP, http://dblp.uni-trier.de},
  doi       = {10.1007/978-3-642-31265-6_3},
  field     = {Text algorithms},
  groups    = {2013-generalized-squares, 2015_cubes_in_trees},
  isbn      = {978-3-642-31265-6},
  pdf       = {files/cpm2012.pdf},
  slides    = {files/cpm2012_slides.pdf},
  type      = {Conference papers},
}

@Article{AIMS,
  author    = {Tomasz Kociumaka and Jakub Radoszewski and Bartłomiej Wiśniewski},
  title     = {Subquadratic-time algorithms for {A}belian stringology problems},
  journal   = {AIMS Medical Science},
  year      = {2017},
  volume    = {4},
  number    = {3},
  pages     = {332--351},
  issn      = {2375-1576},
  doi       = {10.3934/ms.2017.3.332},
  field     = {Text algorithms},
  publisher = {American Institute of Mathematical Sciences ({AIMS})},
  type      = {Journal papers},
}

@InProceedings{ESA2014,
  author    = {Tomasz Kociumaka and Tatiana Starikovskaya and Hjalte Wedel Vildhøj},
  title     = {Sublinear space algorithms for the {Longest Common Substring} problem},
  booktitle = {Algorithms --- {ESA} 2014},
  year      = {2014},
  editor    = {Andreas S. Schulz and Dorothea Wagner},
  volume    = {8737},
  series    = {LNCS},
  pages     = {605--617},
  publisher = {Springer},
  bibsource = {dblp computer science bibliography, http://dblp.org},
  biburl    = {http://dblp.uni-trier.de/rec/bib/conf/esa/KociumakaSV14},
  doi       = {10.1007/978-3-662-44777-2_50},
  _eprint    = {1407.0522},
  field     = {Text algorithms},
  isbn      = {978-3-662-44777-2},
  pdf       = {files/esa2014.pdf},
  timestamp = {Mon, 08 Sep 2014 12:07:26 +0200},
  type      = {Conference papers},
}

@InProceedings{CPM2015,
  author    = {Tomasz Kociumaka and Jakub Radoszewski and Wojciech Rytter and Tomasz Waleń},
  title     = {String powers in trees},
  booktitle = {Combinatorial Pattern Matching, {CPM} 2015},
  year      = {2015},
  editor    = {Ferdinando Cicalese and Ely Porat and Ugo Vaccaro},
  number    = {9133},
  series    = {LNCS},
  pages     = {284--294},
  publisher = {Springer},
  bibsource = {dblp computer science bibliography, http://dblp.org},
  biburl    = {http://dblp.uni-trier.de/rec/bib/conf/cpm/KociumakaRRW15},
  doi       = {10.1007/978-3-319-19929-0_24},
  field     = {Text algorithms},
  isbn      = {978-3-319-19929-0},
  pdf       = {files/cpm2015.pdf},
  slides    = {files/cpm2015_slides.pdf},
  timestamp = {Tue, 16 Jun 2015 12:30:58 +0200},
  type      = {Conference papers},
}

@Article{Alg_Kociumaka_2016a,
  author  = {Tomasz Kociumaka and Jakub Radoszewski and Wojciech Rytter and Tomasz Waleń},
  title   = {String Powers in Trees},
  journal = {Algorithmica},
  year    = {2017},
  volume  = {79},
  number  = {3},
  pages   = {814--834},
  issn    = {0178-4617},
  doi     = {10.1007/s00453-016-0271-3},
  field   = {Text algorithms},
  related = {CPM2015},
  type    = {Journal papers},
}

@InProceedings{STACS2018,
  author    = {Garance Gourdel and Tomasz Kociumaka and Jakub Radoszewski and Wojciech Rytter and Arseny Shur and Tomasz Waleń},
  title     = {String Periods in the Order-Preserving Model},
  booktitle = {Symposium on Theoretical Aspects of Computer Science, {STACS} 2018},
  year      = {2018},
  editor    = {Rolf Niedermeier and Brigitte Vall{\'e}e},
  volume    = {96},
  series    = {LIPIcs},
  pages     = {38:1--38:16},
  doi       = {10.4230/LIPIcs.STACS.2018.38},
  _eprint    = {1801.01404},
  field     = {Text algorithms},
  isbn      = {978-3-95977-062-0},
  type      = {Conference papers},
}

@InProceedings{SODA2017,
  author    = {Paweł Gawrychowski and Tomasz Kociumaka},
  title     = {Sparse suffix tree construction in optimal time and space},
  booktitle = {28th Annual {ACM-SIAM} Symposium on Discrete Algorithms, {SODA} 2017},
  year      = {2017},
  editor    = {Philip Klein},
  pages     = {425--439},
  publisher = {{SIAM}},
  doi       = {10.1137/1.9781611974782.27},
  _eprint    = {1608.00865},
  field     = {Text algorithms},
  isbn      = {978-1-61197-478-2},
  type      = {Conference papers},
}

@InProceedings{ISAAC2016,
  author    = {Tomasz Kociumaka and Solon P. Pissis and Jakub Radoszewski},
  title     = {Pattern matching and consensus problems on weighted sequences and profiles},
  booktitle = {Algorithms and Computation, {ISAAC 2016}},
  year      = {2016},
  editor    = {Seok-Hee Hong},
  volume    = {64},
  series    = {LIPIcs},
  pages     = {46:1--46:12},
  address   = {Dagstuhl, Germany},
  publisher = {Schloss Dagstuhl--Leibniz-Zentrum für Informatik},
  doi       = {10.4230/LIPIcs.ISAAC.2016.46},
  _eprint    = {1604.07581},
  field     = {Text algorithms},
  isbn      = {978-3-95977-026-2},
  issn      = {1868-8969},
  slides    = {files/isaac2016_slides.pdf},
  type      = {Conference papers},
}

@Article{TCS_Crochemore_2016,
  author    = {Maxime Crochemore and Costas S. Iliopoulos and Tomasz Kociumaka and Marcin Kubica and Alessio Langiu and Solon P. Pissis and Jakub Radoszewski and Wojciech Rytter and Tomasz Waleń},
  title     = {Order-preserving indexing},
  journal   = {Theoretical Computer Science},
  year      = {2016},
  volume    = {638},
  pages     = {122--135},
  doi       = {10.1016/j.tcs.2015.06.050},
  field     = {Text algorithms},
  issn      = {0304-3975},
  related   = {Crochemore2013},
  timestamp = {Thu, 16 Jun 2016 12:31:58 +0200},
  type      = {Journal papers},
}

@InProceedings{Crochemore2013,
  author    = {Maxime Crochemore and Costas S. Iliopoulos and Tomasz Kociumaka and Marcin Kubica and Alessio Langiu and Solon P. Pissis and Jakub Radoszewski and Wojciech Rytter and Tomasz Waleń},
  title     = {Order-preserving incomplete suffix trees and order-preserving indexes},
  booktitle = {String Processing and Information Retrieval, {SPIRE} 2013},
  year      = {2013},
  editor    = {Oren Kurland and Moshe Lewenstein and Ely Porat},
  number    = {8214},
  series    = {LNCS},
  pages     = {84--95},
  publisher = {Springer},
  bibsource = {DBLP, http://dblp.uni-trier.de},
  doi       = {10.1007/978-3-319-02432-5_13},
  _eprint    = {1303.6872},
  field     = {Text algorithms},
  groups    = {2015_cubes_in_trees},
  isbn      = {978-3-319-02432-5},
  pdf       = {files/spire2013.pdf},
  type      = {Conference papers},
}

@InProceedings{SPIRE2017,
  author    = {Golnaz Badkobeh and Travis Gagie and Shunsuke Inenaga and Tomasz Kociumaka and Dmitry Kosolobov and Simon J. Puglisi},
  title     = {On Two LZ78-style Grammars: Compression Bounds and Compressed-Space Computation},
  booktitle = {String Processing and Information Retrieval, {SPIRE} 2017},
  year      = {2017},
  editor    = {Gabriele Fici and Marinella Sciortino and Rossano Venturini},
  volume    = {10508},
  series    = {LNCS},
  pages     = {51--67},
  publisher = {Springer},
  doi       = {10.1007/978-3-319-67428-5_5},
  _eprint    = {1705.09538},
  field     = {Text algorithms},
  issn      = {0302-9743},
  type      = {Conference papers},
}

@InProceedings{SPIRE2014,
  author    = {Tomasz Kociumaka and Jakub Pachocki and Jakub Radoszewski and Wojciech Rytter and Tomasz Waleń},
  title     = {On the {String Consensus} problem and the {Manhattan Sequence Consensus} problem},
  booktitle = {String Processing and Information Retrieval, {SPIRE} 2014},
  year      = {2014},
  editor    = {Edleno Silva de Moura and Maxime Crochemore},
  number    = {8799},
  series    = {LNCS},
  pages     = {244--255},
  publisher = {Springer},
  bibsource = {dblp computer science bibliography, http://dblp.org},
  biburl    = {http://dblp.uni-trier.de/rec/bib/conf/spire/KociumakaPRRW14},
  doi       = {10.1007/978-3-319-11918-2_24},
  _eprint    = {1407.6144},
  field     = {Text algorithms},
  isbn      = {978-3-319-11918-2},
  pdf       = {files/spire2014.pdf},
  timestamp = {Mon, 13 Oct 2014 13:48:02 +0200},
  type      = {Conference papers},
}

@Article{TCS_Kociumaka_2017_b,
  author    = {Tomasz Kociumaka and Jakub Pachocki and Jakub Radoszewski and Wojciech Rytter and Tomasz Waleń},
  title     = {On the string consensus problem and the Manhattan sequence consensus problem},
  journal   = {Theoretical Computer Science},
  year      = {2018},
  volume    = {710},
  pages     = {126--138},
  month     = {feb},
  issn      = {0304-3975},
  doi       = {10.1016/j.tcs.2017.03.022},
  field     = {Text algorithms},
  publisher = {Elsevier {BV}},
  related   = {SPIRE2014},
  type      = {Journal papers},
}

@Article{IPL_Fici,
  author    = {Gabriele Fici and Tomasz Kociumaka and Jakub Radoszewski and Wojciech Rytter and Tomasz Waleń},
  title     = {On the greedy algorithm for the {Shortest Common Superstring} problem with reversals},
  journal   = {Information Processing Letters},
  year      = {2016},
  volume    = {116},
  number    = {3},
  pages     = {245--251},
  bibsource = {dblp computer science bibliography, http://dblp.org},
  biburl    = {http://dblp.uni-trier.de/rec/bib/journals/ipl/FiciKRRW16},
  doi       = {10.1016/j.ipl.2015.11.015},
  _eprint    = {1511.08431},
  field     = {Text algorithms},
  issn      = {0020-0190},
  timestamp = {Tue, 22 Dec 2015 14:39:04 +0100},
  type      = {Journal papers},
}

@InProceedings{LATA2018,
  author    = {Tomasz Kociumaka and Jakub Radoszewski and Wojciech Rytter and Tomasz Waleń},
  title     = {On Periodicity Lemma for Partial Words},
  booktitle = {Language and Automata Theory and Applications, {LATA} 2018},
  year      = {2018},
  editor    = {Shmuel Tomi Klein and Carlos Martín-Vide and Dana Shapira},
  volume    = {10792},
  series    = {Lecture Notes in Computer Science},
  pages     = {232--244},
  publisher = {Springer},
  doi       = {10.1007/978-3-319-77313-1_18},
  _eprint    = {1801.01096},
  field     = {Text algorithms},
  isbn      = {978-3-319-77312-4},
  type      = {Conference papers},
}

@InProceedings{Flouri2012,
  author    = {Tomáš Flouri and Costas S. Iliopoulos and Tomasz Kociumaka and Solon P. Pissis and Simon J. Puglisi and William F. Smyth and Wojciech Tyczyński},
  title     = {New and efficient approaches to the quasiperiodic characterisation of a string},
  booktitle = {Prague Stringology Conference 2012},
  year      = {2012},
  editor    = {Jan Holub and Jan Zd{\'{a}}rek},
  pages     = {75--88},
  publisher = {Department of Theoretical Computer Science, Faculty of Information Technology, Czech Technical University in Prague},
  bibsource = {dblp computer science bibliography, http://dblp.org},
  biburl    = {http://dblp.uni-trier.de/rec/bib/conf/stringology/FlouriIKPPST12},
  field     = {Text algorithms},
  isbn      = {978-80-01-05095-8},
  timestamp = {Tue, 09 Apr 2013 15:55:57 +0200},
  type      = {Conference papers},
  url       = {http://www.stringology.org/event/2012/p08.html},
}

@InProceedings{SPIRE2016,
  author    = {Maxime Crochemore and Costas S. Iliopoulos and Tomasz Kociumaka and Ritu Kundu and Solon P. Pissis and Jakub Radoszewski and Wojciech Rytter and Tomasz Waleń},
  title     = {Near-optimal computation of runs over general alphabet via non-crossing {LCE} queries},
  booktitle = {String Processing and Information Retrieval, {SPIRE} 2016},
  year      = {2016},
  editor    = {Shunsuke Inenaga and Kunihiko Sadakane and Tetsuya Sakai},
  number    = {9954},
  series    = {LNCS},
  pages     = {22--34},
  publisher = {Springer},
  doi       = {10.1007/978-3-319-46049-9_3},
  _eprint    = {1606.08275},
  field     = {Text algorithms},
  isbn      = {978-3-319-46049-9},
  slides    = {files/spire2016_slides.pdf},
  type      = {Conference papers},
}

@InProceedings{CPM2016_Kociumaka,
  author    = {Tomasz Kociumaka},
  title     = {Minimal suffix and rotation of a substring in optimal time},
  booktitle = {Combinatorial Pattern Matching, {CPM} 2016},
  year      = {2016},
  editor    = {Roberto Grossi and Moshe Lewenstein},
  volume    = {54},
  series    = {LIPIcs},
  pages     = {28:1--28:12},
  publisher = {Schloss Dagstuhl--Leibniz-Zentrum für Informatik},
  bibsource = {dblp computer science bibliography, http://dblp.org},
  biburl    = {http://dblp.uni-trier.de/rec/bib/conf/cpm/Kociumaka16},
  doi       = {10.4230/LIPIcs.CPM.2016.28},
  _eprint    = {1601.08051},
  field     = {Text algorithms},
  isbn      = {978-3-95977-012-5},
  slides    = {files/cpm2016a_slides.pdf},
  timestamp = {Mon, 27 Jun 2016 17:32:19 +0200},
  type      = {Conference papers},
}

@Article{TCS_Kociumaka_2016,
  author  = {Tomasz Kociumaka and Jakub Radoszewski and Wojciech Rytter and Tomasz Waleń},
  title   = {Maximum number of distinct and nonequivalent nonstandard squares in a word},
  journal = {Theoretical Computer Science},
  year    = {2016},
  volume  = {648},
  pages   = {84--95},
  doi     = {10.1016/j.tcs.2016.08.010},
  field   = {Text algorithms},
  issn    = {0304-3975},
  related = {Kociumaka2014b},
  type    = {Journal papers},
}

@InProceedings{Kociumaka2014b,
  author    = {Kociumaka, Tomasz and Radoszewski, Jakub and Rytter, Wojciech and Waleń, Tomasz},
  title     = {Maximum number of distinct and nonequivalent nonstandard squares in a word},
  booktitle = {Developments in Language Theory, {DLT} 2014},
  year      = {2014},
  editor    = {Shur, Arseny M. and Volkov, Mikhail V.},
  number    = {8633},
  series    = {{LNCS}},
  pages     = {215--226},
  publisher = {Springer},
  doi       = {10.1007/978-3-319-09698-8_19},
  _eprint    = {1604.02238},
  field     = {Text algorithms},
  groups    = {2013-generalized-squares, 2015_cubes_in_trees},
  isbn      = {978-3-319-09698-8},
  pdf       = {files/dlt2014.pdf},
  type      = {Conference papers},
}

@Article{TCS_Kociumaka_2015,
  author    = {Tomasz Kociumaka and Jakub Radoszewski and Wojciech Rytter and Tomasz Waleń},
  title     = {Linear-time version of {H}olub's algorithm for morphic imprimitivity testing},
  journal   = {Theoretical Computer Science},
  year      = {2015},
  volume    = {602},
  pages     = {7--21},
  bibsource = {dblp computer science bibliography, http://dblp.org},
  biburl    = {http://dblp.uni-trier.de/rec/bib/journals/tcs/KociumakaRRW15},
  doi       = {10.1016/j.tcs.2015.07.055},
  field     = {Text algorithms},
  issn      = {0304-3975},
  related   = {Kociumaka2013b},
  timestamp = {Wed, 07 Oct 2015 08:49:15 +0200},
  type      = {Journal papers},
}

@InProceedings{Kociumaka2013b,
  author    = {Tomasz Kociumaka and Jakub Radoszewski and Wojciech Rytter and Tomasz Waleń},
  title     = {Linear-time version of {H}olub's algorithm for morphic imprimitivity testing},
  booktitle = {Language and Automata Theory and Applications, {LATA} 2013},
  year      = {2013},
  editor    = {Adrian Horia Dediu and Carlos Martín{-}Vide and Bianca Truthe},
  number    = {7810},
  series    = {LNCS},
  pages     = {383--394},
  publisher = {Springer},
  bibsource = {dblp computer science bibliography, http://dblp.org},
  biburl    = {http://dblp.uni-trier.de/rec/bib/conf/lata/KociumakaRRW13},
  doi       = {10.1007/978-3-642-37064-9_34},
  field     = {Text algorithms},
  isbn      = {978-3-642-37064-9},
  pdf       = {files/lata2013.pdf},
  timestamp = {Fri, 31 May 2013 12:37:26 +0200},
  type      = {Conference papers},
}

@InProceedings{CPM2018,
  author    = {Panagiotis Charalampopoulos and Maxime Crochemore and Costas S. Iliopoulos and Tomasz Kociumaka and Solon P. Pissis and Jakub Radoszewski and Wojciech Rytter and Tomasz Waleń},
  title     = {Linear-Time Algorithm for Long LCF with k Mismatches},
  booktitle = {Combinatorial Pattern Matching, {CPM} 2018},
  year      = {2018},
  editor    = {Gonzalo Navarro and David Sankoff and Binhai Zhu},
  series    = {LIPIcs},
  publisher = {Schloss Dagstuhl--Leibniz-Zentrum für Informatik},
  _eprint    = {1802.06369},
  field     = {Text algorithms},
  pubstate  = {forthcoming},
  type      = {Conference papers},
}

@InProceedings{SIROCCO2016,
  author    = {Evangelos Bampas and Jurek Czyzowicz and Leszek Gąsieniec and David Ilcinkas and Ralf Klasing and Tomasz Kociumaka and Dominik Pająk},
  title     = {Linear search by a pair of distinct-speed robots},
  booktitle = {Structural Information and Communication Complexity, {SIROCCO 2016}},
  year      = {2016},
  editor    = {Jukka Suomela},
  volume    = {9988},
  series    = {LNCS},
  pages     = {195--211},
  publisher = {Springer},
  doi       = {10.1007/978-3-319-48314-6_13},
  field     = {Other algorithms},
  isbn      = {978-3-319-48314-6},
  pdf       = {http://sirocco2016.hiit.fi/preproceedings/Linear_search_by_a_pair_of_distinct-speed_robots.pdf},
  type      = {Conference papers},
}

@Article{Alg_2018,
  author  = {Evangelos Bampas and Jurek Czyzowicz and Leszek Gąsieniec and David Ilcinkas and Ralf Klasing and Tomasz Kociumaka and Dominik Pająk},
  title   = {Linear search by a pair of distinct-speed robots},
  journal = {Algorithmica},
  year    = {2018},
  field   = {Other algorithms},
  related = {SIROCCO2016},
  status  = {forthcoming},
  type    = {Journal papers},
}

@InProceedings{SODA2015_Kociumaka,
  author     = {Tomasz Kociumaka and Jakub Radoszewski and Wojciech Rytter and Tomasz Waleń},
  booktitle  = {{SODA}},
  title      = {Internal pattern matching queries in a text and applications},
  year       = {2015},
  _editor    = {Piotr Indyk},
  _eprint    = {1311.6235},
  _pages     = {532--551},
  _publisher = {{SIAM}},
  doi        = {10.1137/1.9781611973730.36},
  field      = {Text algorithms},
  groups     = {2014_min_suf, 2013_suffix_selection, 2016_lyndon_runs},
  isbn       = {978-1-61197-374-7},
  slides     = {files/soda2015b_slides.pdf},
  type       = {Conference papers},
}

@Misc{arxiv_barton,
  author = {Carl Barton and Tomasz Kociumaka and Chang Liu and Solon P. Pissis and Jakub Radoszewski},
  title  = {Indexing Weighted Sequences: Neat and Efficient},
  year   = {2017},
  _eprint = {1704.07625},
  field  = {Text algorithms},
  type   = {Other papers},
}

@Article{TOCT,
  author  = {Anna Adamaszek and Tomasz Kociumaka and Marcin Pilipczuk and Michał Pilipczuk},
  title   = {Hardness of Approximation for Strip Packing},
  journal = {ACM Transactions on Computation Theory},
  year    = {2017},
  volume  = {9},
  number  = {3},
  pages   = {1--7},
  issn    = {1942-3454},
  doi     = {10.1145/3092026},
  _eprint  = {1610.07766},
  field   = {Approximation algorithms},
  type    = {Journal papers},
}

@InProceedings{CPM2016_Gawrychowski,
  author    = {Paweł Gawrychowski and Tomasz Kociumaka and Wojciech Rytter and Tomasz Waleń},
  title     = {Faster longest common extension queries in strings over general alphabets},
  booktitle = {Combinatorial Pattern Matching, {CPM} 2016},
  year      = {2016},
  editor    = {Roberto Grossi and Moshe Lewenstein},
  number    = {54},
  series    = {LIPIcs},
  pages     = {5:1--5:13},
  publisher = {Schloss Dagstuhl--Leibniz-Zentrum für Informatik},
  doi       = {10.4230/LIPIcs.CPM.2016.5},
  _eprint    = {1602.00447},
  field     = {Text algorithms},
  groups    = {2015_weighted, 2016_lyndon_runs},
  isbn      = {978-3-95977-012-5},
  type      = {Conference papers},
}

@Article{IPL_Kociumaka,
  author    = {Tomasz Kociumaka and Marcin Pilipczuk},
  title     = {Faster deterministic {Feedback Vertex Set}},
  journal   = {Information Processing Letters},
  year      = {2014},
  volume    = {114},
  number    = {10},
  pages     = {556--560},
  bibsource = {dblp computer science bibliography, http://dblp.org},
  biburl    = {http://dblp.uni-trier.de/rec/bib/journals/ipl/KociumakaP14},
  doi       = {10.1016/j.ipl.2014.05.001},
  _eprint    = {1306.3566},
  field     = {Parameterized and exact algorithms},
  issn      = {0020-0190},
  pdf       = {files/ipl2.pdf},
  timestamp = {Sun, 18 May 2014 20:14:36 +0200},
  type      = {Journal papers},
}

@Article{TCS_Fici,
  author  = {Gabriele Fici and Tomasz Kociumaka and Thierry Lecroq and Arnaud Lefebvre and Élise Prieur-Gaston},
  title   = {Fast computation of {A}belian runs},
  journal = {Theoretical Computer Science},
  year    = {2016},
  volume  = {656, Part B},
  pages   = {256--264},
  issn    = {0304-3975},
  doi     = {10.1016/j.tcs.2015.12.010},
  _eprint  = {1506.08518},
  field   = {Text algorithms},
  type    = {Journal papers},
}

@InProceedings{Kociumaka2013c,
  author    = {Tomasz Kociumaka and Jakub Radoszewski and Wojciech Rytter},
  title     = {Fast algorithms for {A}belian periods in words and greatest common divisor queries},
  booktitle = {Symposium on Theoretical Aspects of Computer Science, {STACS} 2013},
  year      = {2013},
  editor    = {Natacha Portier and Thomas Wilke},
  number    = {20},
  series    = {LIPIcs},
  pages     = {245--256},
  publisher = {Schloss Dagstuhl--Leibniz-Zentrum für Informatik},
  bibsource = {dblp computer science bibliography, http://dblp.org},
  biburl    = {http://dblp.uni-trier.de/rec/bib/conf/stacs/2013},
  doi       = {10.4230/LIPIcs.STACS.2013.245},
  field     = {Text algorithms},
  groups    = {2012_abelian_special},
  isbn      = {978-3-939897-50-7},
  slides    = {files/stacs2013_slides.pdf},
  timestamp = {Tue, 26 Feb 2013 10:40:05 +0100},
  type      = {Conference papers},
}

@Article{JCSS,
  author  = {Tomasz Kociumaka and Jakub Radoszewski and Wojciech Rytter},
  title   = {Fast algorithms for {A}belian periods in words and greatest common divisor queries},
  journal = {Journal of Computer and System Sciences},
  year    = {2017},
  volume  = {84},
  pages   = {205--218},
  issn    = {0022-0000},
  doi     = {10.1016/j.jcss.2016.09.003},
  field   = {Text algorithms},
  related = {Kociumaka2013c},
  type    = {Journal papers},
}

@InProceedings{Kociumaka2013,
  author    = {Tomasz Kociumaka and Solon P. Pissis and Jakub Radoszewski and Wojciech Rytter and Tomasz Waleń},
  title     = {Fast algorithm for partial covers in words},
  booktitle = {Combinatorial Pattern Matching, {CPM} 2013},
  year      = {2013},
  editor    = {Johannes Fischer and Peter Sanders},
  number    = {7922},
  series    = {LNCS},
  pages     = {177--188},
  publisher = {Springer},
  bibsource = {dblp computer science bibliography, http://dblp.org},
  biburl    = {http://dblp.uni-trier.de/rec/bib/conf/cpm/KociumakaPRRW13},
  doi       = {10.1007/978-3-642-38905-4_18},
  field     = {Text algorithms},
  isbn      = {978-3-642-38905-4},
  pdf       = {files/cpm2013.pdf},
  slides    = {files/cpm2013_slides.pdf},
  timestamp = {Fri, 12 Dec 2014 17:37:41 +0100},
  type      = {Conference papers},
}

@Article{Alg_Kociumaka_2015,
  author    = {Tomasz Kociumaka and Solon P. Pissis and Jakub Radoszewski and Wojciech Rytter and Tomasz Waleń},
  title     = {Fast algorithm for partial covers in words},
  journal   = {Algorithmica},
  year      = {2015},
  volume    = {73},
  number    = {1},
  pages     = {217--233},
  bibsource = {dblp computer science bibliography, http://dblp.org},
  biburl    = {http://dblp.uni-trier.de/rec/bib/journals/algorithmica/KociumakaPRRW15},
  doi       = {10.1007/s00453-014-9915-3},
  field     = {Text algorithms},
  groups    = {2013_partial_seeds},
  issn      = {0178-4617},
  related   = {Kociumaka2013},
  timestamp = {Wed, 01 Jul 2015 15:54:53 +0200},
  type      = {Journal papers},
}

@Article{TCS_Flouri,
  author    = {Tomáš Flouri and Costas S. Iliopoulos and Tomasz Kociumaka and Solon P. Pissis and Simon J. Puglisi and William F. Smyth and Wojciech Tyczyński},
  title     = {Enhanced string covering},
  journal   = {Theoretical Computer Science},
  year      = {2013},
  volume    = {506},
  pages     = {102--114},
  bibsource = {dblp computer science bibliography, http://dblp.org},
  biburl    = {http://dblp.uni-trier.de/rec/bib/journals/tcs/FlouriIKPPST13},
  doi       = {10.1016/j.tcs.2013.08.013},
  _eprint    = {1401.0163},
  field     = {Text algorithms},
  issn      = {0304-3975},
  related   = {Flouri2012},
  timestamp = {Sun, 20 Oct 2013 14:05:31 +0200},
  type      = {Journal papers},
}

@Article{SIDMA,
  author  = {Tomasz Kociumaka and Jakub Radoszewski and Wojciech Rytter},
  title   = {Efficient ranking of {L}yndon words and decoding lexicographically minimal de {B}ruijn sequence},
  journal = {SIAM Journal on Discrete Mathematics},
  year    = {2016},
  volume  = {30},
  number  = {4},
  pages   = {2027--2046},
  doi     = {10.1137/15M1043248},
  _eprint  = {1510.02637},
  field   = {Text algorithms},
  issn    = {0895-4801},
  related = {Kociumaka2014a},
  type    = {Journal papers},
}

@Article{Alg_Kociumaka_2017,
  author  = {Kociumaka, Tomasz and Radoszewski, Jakub and Rytter, Wojciech},
  title   = {Efficient Indexes for Jumbled Pattern Matching with Constant-Sized Alphabet},
  journal = {Algorithmica},
  year    = {2017},
  volume  = {77},
  number  = {4},
  pages   = {1194--1215},
  issn    = {0178-4617},
  doi     = {10.1007/s00453-016-0140-0},
  field   = {Text algorithms},
  related = {Kociumaka2013a},
  type    = {Journal papers},
}

@InProceedings{Kociumaka2013a,
  author    = {Tomasz Kociumaka and Jakub Radoszewski and Wojciech Rytter},
  title     = {Efficient indexes for jumbled pattern matching with constant-sized alphabet},
  booktitle = {Algorithms --- {ESA} 2013},
  year      = {2013},
  editor    = {Hans L. Bodlaender and Giuseppe F. Italiano},
  number    = {8125},
  series    = {LNCS},
  pages     = {625--636},
  publisher = {Springer},
  bibsource = {dblp computer science bibliography, http://dblp.org},
  biburl    = {http://dblp.uni-trier.de/rec/bib/conf/esa/2013},
  doi       = {10.1007/978-3-642-40450-4_53},
  field     = {Text algorithms},
  groups    = {2012_abelian_special, 2013_abelian_index},
  isbn      = {978-3-642-40450-4},
  pdf       = {files/esa2013.pdf},
  slides    = {files/esa2013_slides.pdf},
  timestamp = {Wed, 21 Aug 2013 12:35:01 +0200},
  type      = {Conference papers},
}

@InProceedings{CPM2016_Barton,
  author    = {Carl Barton and Tomasz Kociumaka and Solon P. Pissis and Jakub Radoszewski},
  title     = {Efficient index for weighted sequences},
  booktitle = {Combinatorial Pattern Matching, {CPM} 2016},
  year      = {2016},
  editor    = {Roberto Grossi and Moshe Lewenstein},
  number    = {54},
  series    = {LIPIcs},
  pages     = {4:1--4:13},
  publisher = {Schloss Dagstuhl--Leibniz-Zentrum für Informatik},
  doi       = {10.4230/LIPIcs.CPM.2016.4},
  _eprint    = {1602.01116},
  field     = {Text algorithms},
  groups    = {2015_weighted},
  isbn      = {978-3-95977-012-5},
  slides    = {files/cpm2016b_slides.pdf},
  type      = {Conference papers},
}

@InProceedings{COCOON,
  author    = {Panagiotis Charalampopoulos and Maxime Crochemore and Costas S. Iliopoulos and Tomasz Kociumaka and Solon P. Pissis and Jakub Radoszewski and Wojciech Rytter and Tomasz Waleń},
  title     = {Efficient Enumeration of Non-Equivalent Squares in Partial Words with Few Holes},
  booktitle = {Computing and Combinatorics, {COCOON} 2017},
  year      = {2017},
  editor    = {Yixin Cao and Jianer Chen},
  volume    = {10392},
  series    = {LNCS},
  pages     = {99--111},
  publisher = {Springer},
  doi       = {10.1007/978-3-319-62389-4_9},
  field     = {Text algorithms},
  isbn      = {978-3-319-62389-4},
  pdf       = {files/cocoon2017.pdf},
  type      = {Conference papers},
}

@Article{TCS_Kociumaka_2014,
  author    = {Tomasz Kociumaka and Jakub Pachocki and Jakub Radoszewski and Wojciech Rytter and Tomasz Waleń},
  title     = {Efficient counting of square substrings in a tree},
  journal   = {Theoretical Computer Science},
  year      = {2014},
  volume    = {544},
  pages     = {60--73},
  bibsource = {dblp computer science bibliography, http://dblp.org},
  biburl    = {http://dblp.uni-trier.de/rec/bib/journals/tcs/KociumakaPRRW14},
  doi       = {10.1016/j.tcs.2014.04.015},
  field     = {Text algorithms},
  groups    = {2015_cubes_in_trees},
  issn      = {0304-3975},
  pdf       = {files/tcs2.pdf},
  related   = {Kociumaka2012},
  timestamp = {Sun, 06 Jul 2014 12:21:50 +0200},
  type      = {Journal papers},
}

@InProceedings{Kociumaka2012,
  author    = {Tomasz Kociumaka and Jakub Pachocki and Jakub Radoszewski and Wojciech Rytter and Tomasz Waleń},
  title     = {Efficient counting of square substrings in a tree},
  booktitle = {Algorithms and Computation, {ISAAC 2012}},
  year      = {2012},
  editor    = {Kun-Mao Chao and Tsan-sheng Hsu and Der-Tsai Lee},
  number    = {7676},
  series    = {{LNCS}},
  pages     = {207--216},
  publisher = {Springer},
  bibsource = {DBLP, http://dblp.uni-trier.de},
  doi       = {10.1007/978-3-642-35261-4_24},
  field     = {Text algorithms},
  groups    = {2015_cubes_in_trees},
  isbn      = {978-3-642-35261-4},
  pdf       = {files/isaac2012.pdf},
  type      = {Conference papers},
}

@InProceedings{CPM2014,
  author    = {Tomasz Kociumaka and Solon P. Pissis and Jakub Radoszewski and Wojciech Rytter and Tomasz Waleń},
  title     = {Efficient algorithms for shortest partial seeds in words},
  booktitle = {Combinatorial Pattern Matching, {CPM} 2014},
  year      = {2014},
  editor    = {Alexander S. Kulikov and Sergei O. Kuznetsov and Pavel A. Pevzner},
  number    = {8486},
  series    = {LNCS},
  pages     = {192--201},
  publisher = {Springer},
  bibsource = {dblp computer science bibliography, http://dblp.org},
  biburl    = {http://dblp.uni-trier.de/rec/bib/conf/cpm/KociumakaPRRW14},
  doi       = {10.1007/978-3-319-07566-2_20},
  field     = {Text algorithms},
  groups    = {2013_partial_seeds},
  pdf       = {files/cpm2014b.pdf},
  slides    = {files/cpm2014b_slides.pdf},
  timestamp = {Fri, 13 Jun 2014 14:26:46 +0200},
  type      = {Conference papers},
}

@Article{TCS_Kociumaka_2017a,
  author    = {Tomasz Kociumaka and Solon P. Pissis and Jakub Radoszewski and Wojciech Rytter and Tomasz Waleń},
  title     = {Efficient algorithms for shortest partial seeds in words},
  journal   = {Theoretical Computer Science},
  year      = {2018},
  volume    = {710},
  pages     = {139--147},
  month     = {feb},
  issn      = {0304-3975},
  doi       = {10.1016/j.tcs.2016.11.035},
  field     = {Text algorithms},
  publisher = {Elsevier {BV}},
  related   = {CPM2014},
  type      = {Journal papers},
}

@InProceedings{SPIRE2015_Bannai,
  author    = {Hideo Bannai and Shunsuke Inenaga and Tomasz Kociumaka and Arnaud Lefebvre and Jakub Radoszewski and Wojciech Rytter and Shiho Sugimoto and Tomasz Waleń},
  title     = {Efficient algorithms for longest closed factor array},
  booktitle = {String Processing and Information Retrieval, {SPIRE} 2015},
  year      = {2015},
  editor    = {Costas S. Iliopoulos and Simon J. Puglisi and Emine Yilmaz},
  number    = {9309},
  series    = {LNCS},
  pages     = {95--102},
  publisher = {Springer},
  bibsource = {dblp computer science bibliography, http://dblp.org},
  biburl    = {http://dblp.uni-trier.de/rec/bib/conf/spire/BannaiIKLRRSW15},
  doi       = {10.1007/978-3-319-23826-5_10},
  field     = {Text algorithms},
  isbn      = {978-3-319-23826-5},
  pdf       = {files/spire2015b.pdf},
  type      = {Conference papers},
}

@InProceedings{ISAAC2014,
  author    = {Maxime Crochemore and Costas S. Iliopoulos and Tomasz Kociumaka and Jakub Radoszewski and Wojciech Rytter and Tomasz Waleń},
  title     = {Covering problems for partial words and for indeterminate strings},
  booktitle = {Algorithms and Computation, {ISAAC} 2014},
  year      = {2014},
  editor    = {Hee{-}Kap Ahn and Chan{-}Su Shin},
  number    = {8889},
  series    = {LNCS},
  pages     = {220--232},
  publisher = {Springer},
  bibsource = {dblp computer science bibliography, http://dblp.org},
  biburl    = {http://dblp.uni-trier.de/rec/bib/conf/isaac/CrochemoreIKRRW14},
  doi       = {10.1007/978-3-319-13075-0_18},
  field     = {Text algorithms},
  isbn      = {978-3-319-13075-0},
  pdf       = {files/isaac2014.pdf},
  slides    = {files/isaac2014_slides.pdf},
  timestamp = {Mon, 10 Nov 2014 13:24:45 +0100},
  type      = {Conference papers},
}

@Article{TCS_Crochemore_2017,
  author  = {Maxime Crochemore and Costas S. Iliopoulos and Tomasz Kociumaka and Jakub Radoszewski and Wojciech Rytter and Tomasz Waleń},
  title   = {Covering problems for partial words and for indeterminate strings},
  journal = {Theoretical Computer Science},
  year    = {2017},
  volume  = {698},
  pages   = {25--39},
  month   = {oct},
  issn    = {0304-3975},
  doi     = {10.1016/j.tcs.2017.05.026},
  _eprint  = {1412.3696},
  field   = {Text algorithms},
  related = {ISAAC2014},
  type    = {Journal papers},
}

@InProceedings{STACS2014,
  author    = {Marek Cygan and Tomasz Kociumaka},
  title     = {Constant factor approximation for {Capacitated k-Center with Outliers}},
  booktitle = {Symposium on Theoretical Aspects of Computer Science, {STACS} 2014},
  year      = {2014},
  editor    = {Ernst W. Mayr and Natacha Portier},
  number    = {25},
  series    = {LIPIcs},
  pages     = {251--262},
  publisher = {Schloss Dagstuhl--Leibniz-Zentrum für Informatik},
  bibsource = {dblp computer science bibliography, http://dblp.org},
  biburl    = {http://dblp.uni-trier.de/rec/bib/conf/stacs/CyganK14},
  doi       = {10.4230/LIPIcs.STACS.2014.251},
  _eprint    = {1401.2874},
  field     = {Approximation algorithms},
  isbn      = {978-3-939897-65-1},
  slides    = {files/stacs2014_slides.pdf},
  timestamp = {Mon, 10 Mar 2014 13:02:10 +0100},
  type      = {Conference papers},
}

@InProceedings{Babenko2014,
  author    = {Maxim Babenko and Paweł Gawrychowski and Tomasz Kociumaka and Tatiana Starikovskaya},
  title     = {Computing minimal and maximal suffixes of a substring revisited},
  booktitle = {Combinatorial Pattern Matching, {CPM} 2014},
  year      = {2014},
  editor    = {Alexander S. Kulikov and Sergei O. Kuznetsov and Pavel A. Pevzner},
  number    = {8486},
  series    = {LNCS},
  pages     = {30--39},
  publisher = {Springer},
  bibsource = {dblp computer science bibliography, http://dblp.org},
  biburl    = {http://dblp.uni-trier.de/rec/bib/conf/cpm/BabenkoGKS14},
  doi       = {10.1007/978-3-319-07566-2_4},
  field     = {Text algorithms},
  isbn      = {978-3-319-07566-2},
  pdf       = {files/cpm2014a.pdf},
  timestamp = {Fri, 13 Jun 2014 14:26:46 +0200},
  type      = {Conference papers},
}

@Article{TCS_Babenko,
  author    = {Maxim Babenko and Paweł Gawrychowski and Tomasz Kociumaka and Ignat Kolesnichenko and Tatiana Starikovskaya},
  title     = {Computing minimal and maximal suffixes of a substring},
  journal   = {Theoretical Computer Science},
  year      = {2016},
  volume    = {638},
  pages     = {112--121},
  bibsource = {dblp computer science bibliography, http://dblp.org},
  biburl    = {http://dblp.uni-trier.de/rec/bib/journals/tcs/BabenkoGKKS16},
  doi       = {10.1016/j.tcs.2015.08.023},
  _eprint    = {1309.5618},
  field     = {Text algorithms},
  issn      = {0304-3975},
  related   = {Babenko2014},
  timestamp = {Thu, 16 Jun 2016 12:31:58 +0200},
  type      = {Journal papers},
}

@InProceedings{Kociumaka2014a,
  author    = {Tomasz Kociumaka and Jakub Radoszewski and Wojciech Rytter},
  title     = {Computing k-th {Lyndon} word and decoding lexicographically minimal de {Bruijn} sequence},
  booktitle = {Combinatorial Pattern Matching, {CPM} 2014},
  year      = {2014},
  editor    = {Alexander S. Kulikov and Sergei O. Kuznetsov and Pavel A. Pevzner},
  number    = {8486},
  series    = {LNCS},
  pages     = {202--211},
  publisher = {Springer},
  bibsource = {dblp computer science bibliography, http://dblp.org},
  biburl    = {http://dblp.uni-trier.de/rec/bib/conf/cpm/2014},
  doi       = {10.1007/978-3-319-07566-2_21},
  field     = {Text algorithms},
  groups    = {2013_lyndon},
  isbn      = {978-3-319-07566-2},
  pdf       = {files/cpm2014c.pdf},
  slides    = {files/cpm2014c_slides.pdf},
  timestamp = {Fri, 13 Jun 2014 14:19:31 +0200},
  type      = {Conference papers},
}

@InProceedings{APPROX2015,
  author    = {Marek Cygan and Tomasz Kociumaka},
  title     = {Approximating upper degree-constrained partial orientations},
  booktitle = {Approximation, Randomization, and Combinatorial Optimization {APPROX/RANDOM} 2015},
  year      = {2015},
  editor    = {Naveen Garg and Klaus Jansen and Anup Rao and Jos{\'{e}} D. P. Rolim},
  number    = {40},
  series    = {LIPIcs},
  pages     = {212--224},
  publisher = {Schloss Dagstuhl--Leibniz-Zentrum für Informatik},
  bibsource = {dblp computer science bibliography, http://dblp.org},
  biburl    = {http://dblp.uni-trier.de/rec/bib/conf/approx/CyganK15},
  doi       = {10.4230/LIPIcs.APPROX-RANDOM.2015.212},
  _eprint    = {1408.6157},
  field     = {Approximation algorithms},
  isbn      = {978-3-939897-89-7},
  pdf       = {files/approx2015.pdf},
  slides    = {files/approx2015_slides.pdf},
  timestamp = {Wed, 19 Aug 2015 14:11:56 +0200},
  type      = {Conference papers},
}

@InProceedings{ESA2015,
  author    = {Johannes Fischer and Travis Gagie and Paweł Gawrychowski and Tomasz Kociumaka},
  title     = {Approximating {LZ77} via small-space multiple-pattern matching},
  booktitle = {Algorithms --- {ESA} 2015},
  year      = {2015},
  editor    = {Nikhil Bansal and Irene Finocchi},
  volume    = {9294},
  series    = {LNCS},
  pages     = {533--544},
  publisher = {Springer},
  bibsource = {dblp computer science bibliography, http://dblp.org},
  biburl    = {http://dblp.uni-trier.de/rec/bib/conf/esa/0001GGK15},
  doi       = {10.1007/978-3-662-48350-3_45},
  _eprint    = {1504.06647},
  field     = {Text algorithms},
  isbn      = {978-3-662-48350-3},
  pdf       = {files/esa2015.pdf},
  timestamp = {Wed, 02 Sep 2015 16:09:00 +0200},
  type      = {Conference papers},
}

@Article{IPL_Grandoni,
  author    = {Fabrizio Grandoni and Tomasz Kociumaka and Michał Włodarczyk},
  title     = {An {LP}-rounding $2\sqrt{2}$-approximation for restricted maximum acyclic subgraph},
  journal   = {Information Processing Letters},
  year      = {2015},
  volume    = {115},
  number    = {2},
  pages     = {182--185},
  bibsource = {dblp computer science bibliography, http://dblp.org},
  biburl    = {http://dblp.uni-trier.de/rec/bib/journals/ipl/GrandoniKW15},
  doi       = {10.1016/j.ipl.2014.09.008},
  _eprint    = {1405.0456},
  field     = {Approximation algorithms},
  issn      = {0020-0190},
  pdf       = {files/ipl3.pdf},
  timestamp = {Sat, 22 Nov 2014 15:34:08 +0100},
  type      = {Journal papers},
}

@InCollection{Crochemore2012,
  author    = {Maxime Crochemore and Tomasz Kociumaka and Wojciech Rytter and Chalita Toopsuwan and Wojciech Tyczyński and Tomasz Waleń},
  title     = {Algorithmics of repetitions, local periods and critical factorization revisited},
  booktitle = {Festschrift for Bořivoj Melichar},
  publisher = {Czech Technical University in Prague},
  year      = {2012},
  editor    = {Jan Holub and Bruce W. Watson and Jan Žďárek},
  type      = {Other papers},
  pages     = {53--60},
  field     = {Text algorithms},
  url       = {http://www.stringology.org/papers/Festschrift_BM70.pdf},
}

@Article{JDA_Crochemore,
  author    = {Maxime Crochemore and Costas S. Iliopoulos and Tomasz Kociumaka and Marcin Kubica and Alessio Langiu and Jakub Radoszewski and Wojciech Rytter and Bartosz Szreder and Tomasz Waleń},
  title     = {A note on the longest common compatible prefix problem for partial words},
  journal   = {Journal of Discrete Algorithms},
  year      = {2015},
  volume    = {34},
  pages     = {49--53},
  bibsource = {dblp computer science bibliography, http://dblp.org},
  biburl    = {http://dblp.uni-trier.de/rec/bib/journals/jda/CrochemoreIKKLR15},
  doi       = {10.1016/j.jda.2015.05.003},
  _eprint    = {1312.2381},
  field     = {Text algorithms},
  issn      = {1570-8667},
  timestamp = {Thu, 13 Aug 2015 13:22:41 +0200},
  type      = {Journal papers},
}

@Article{IPL_Crochemore,
  author    = {Maxime Crochemore and Costas S. Iliopoulos and Tomasz Kociumaka and Marcin Kubica and Jakub Pachocki and Jakub Radoszewski and Wojciech Rytter and Wojciech Tyczyński and Tomasz Waleń},
  title     = {A note on efficient computation of all {A}belian periods in a string},
  journal   = {Information Processing Letters},
  year      = {2013},
  volume    = {113},
  number    = {3},
  pages     = {74--77},
  bibsource = {DBLP, http://dblp.uni-trier.de},
  doi       = {10.1016/j.ipl.2012.11.001},
  _eprint    = {1208.3313},
  field     = {Text algorithms},
  groups    = {2015_cubes_in_trees, 2012_abelian_special},
  issn      = {0020-0190},
  pdf       = {files/ipl1.pdf},
  type      = {Journal papers},
}

@InProceedings{SODA2012,
  author    = {Tomasz Kociumaka and Marcin Kubica and Jakub Radoszewski and Wojciech Rytter and Tomasz Waleń},
  title     = {A linear time algorithm for seeds computation},
  booktitle = {23rd Annual {ACM-SIAM} Symposium on Discrete Algorithms, {SODA} 2012},
  year      = {2012},
  editor    = {Yuval Rabani},
  pages     = {1095--1112},
  publisher = {{SIAM}},
  bibsource = {dblp computer science bibliography, http://dblp.org},
  biburl    = {http://dblp.uni-trier.de/rec/bib/conf/soda/2012},
  doi       = {10.1137/1.9781611973099.86},
  _eprint    = {1107.2422},
  field     = {Text algorithms},
  groups    = {2013_partial_seeds},
  isbn      = {978-1-61197-210-8},
  slides    = {files/soda2012_slides.pdf},
  timestamp = {Wed, 12 Feb 2014 17:08:16 +0100},
  type      = {Conference papers},
}

@Article{ToCS_Boral,
  author    = {Anudhyan Boral and Marek Cygan and Tomasz Kociumaka and Marcin Pilipczuk},
  title     = {A fast branching algorithm for cluster vertex deletion},
  journal   = {Theory of Computing Systems},
  year      = {2016},
  volume    = {58},
  number    = {2},
  pages     = {357--376},
  bibsource = {dblp computer science bibliography, http://dblp.org},
  biburl    = {http://dblp.uni-trier.de/rec/bib/journals/mst/BoralCKP16},
  doi       = {10.1007/s00224-015-9631-7},
  _eprint    = {1306.3877},
  field     = {Parameterized and exact algorithms},
  issn      = {1432-4350},
  related   = {Boral2014},
  timestamp = {Thu, 14 Jan 2016 19:44:28 +0100},
  type      = {Journal papers},
}

@InProceedings{Alstrup,
  author    = {Stephen Alstrup and Gerth St{\o}lting Brodal and Theis Rauhe},
  title     = {Pattern matching in dynamic texts},
  booktitle = {11th Annual {ACM-SIAM} Symposium on Discrete Algorithms, {SODA} 2000},
  year      = {2000},
  editor    = {David B. Shmoys},
  pages     = {819--828},
  publisher = {{ACM/SIAM}},
  bibsource = {dblp computer science bibliography, http://dblp.org},
  biburl    = {http://dblp.uni-trier.de/rec/bib/conf/soda/AlstrupBR00},
  groups    = {2015_timeline_matching, thesis},
  isbn      = {0-89871-453-2},
  timestamp = {Fri, 07 Dec 2012 17:02:08 +0100},
  url       = {http://dl.acm.org/citation.cfm?id=338219},
}

@Article{fine1965uniqueness,
  author              = {Fine, Nathan J. and Wilf, Herbert S.},
  title               = {Uniqueness Theorems for Periodic Functions},
  journal             = {Proceedings of the American Mathematical Society},
  year                = {1965},
  volume              = {16},
  number              = {1},
  pages               = {109--114},
  issn                = {00029939},
  copyright           = {Copyright © 1965 American Mathematical Society},
  doi                 = {10.2307/2034009},
  groups              = {2013_suffix_selection, 2015_sparse_sa, 2012_period_queries, 2011_seeds, thesis, 2017_periodicity},
  jstor_articletype   = {research-article},
  jstor_formatteddate = {Feb., 1965},
  language            = {English},
  publisher           = {American Mathematical Society},
}

@Article{Mehlhorn,
  author    = {Mehlhorn, Kurt and Sundar, Rajamani and Uhrig, Christian},
  title     = {Maintaining dynamic sequences under equality tests in polylogarithmic time},
  journal   = {Algorithmica},
  year      = {1997},
  volume    = {17},
  number    = {2},
  pages     = {183--198},
  doi       = {10.1007/BF02522825},
  groups    = {2015_timeline_matching},
  publisher = {Springer},
}


@Misc{Tiskin13,
  author        = {Alexandre Tiskin},
  title         = {Semi-local string comparison: algorithmic techniques and applications},
  year          = {2013},
  archiveprefix = {arXiv},
  eprint        = {0707.3619v21},
  groups        = {Used},
  volume        = {abs/0707.3619v21},
}

@InProceedings{Boral2014,
  author    = {Anudhyan Boral and Marek Cygan and Tomasz Kociumaka and Marcin Pilipczuk},
  title     = {A fast branching algorithm for {Cluster Vertex Deletion}},
  booktitle = {Computer Science Symposium in Russia, {CSR} 2014},
  year      = {2014},
  editor    = {Edward A. Hirsch and Sergei O. Kuznetsov and Jean{-}{\'{E}}ric Pin and Nikolay K. Vereshchagin},
  number    = {8476},
  series    = {LNCS},
  pages     = {111--124},
  publisher = {Springer},
  bibsource = {dblp computer science bibliography, http://dblp.org},
  biburl    = {http://dblp.uni-trier.de/rec/bib/conf/csr/BoralCKP14},
  doi       = {10.1007/978-3-319-06686-8_9},
  field     = {Parameterized and exact algorithms},
  isbn      = {978-3-319-06686-8},
  pdf       = {files/csr2014.pdf},
  slides    = {files/csr2014_slides.pdf},
  timestamp = {Tue, 03 Jun 2014 13:12:54 +0200},
  type      = {Conference papers},
}

@Misc{Kociumaka2020,
  author        = {Tomasz Kociumaka and Saeed Seddighin},
  title         = {Improved Dynamic Algorithms for {L}ongest {I}ncreasing {S}ubsequence},
  year          = {2020},
  archiveprefix = {arXiv},
  eprint        = {2011.10874},
  journal       = {CoRR},
}

@article{GanardiJL21,
  author       = {Moses Ganardi and
                  Artur Jeż and
                  Markus Lohrey},
  title        = {Balancing Straight-line Programs},
  journal      = {J. {ACM}},
  _volume       = {68},
  _number       = {4},
  _pages        = {27:1--27:40},
  year         = {2021},
  doi          = {10.1145/3457389},
  timestamp    = {Wed, 01 Sep 2021 12:45:27 +0200},
  biburl       = {https://dblp.org/rec/journals/jacm/GanardiJL21.bib},
  bibsource    = {dblp computer science bibliography, https://dblp.org}
}

@Misc{KNW23,
  author    = {Tomasz Kociumaka and Jakob Nogler and Philip Wellnitz},
  title     = {On the Communication Complexity of Approximate Pattern Matching},
  note      = {Manuscript},
  year      = {2023}
}

@Article{GNP20,
  author    = {Travis Gagie and Gonzalo Navarro and Nicola Prezza},
  journal   = {J. {ACM}},
  title     = {Fully Functional Suffix Trees and Optimal Text Searching in {BWT}-Runs Bounded Space},
  year      = {2020},
  _number   = {1},
  _pages    = {2:1--2:54},
  _volume   = {67},
  bibsource = {dblp computer science bibliography, https://dblp.org},
  biburl    = {https://dblp.org/rec/journals/jacm/GagieNP20.bib},
  doi       = {10.1145/3375890},
}

@InProceedings{CKP19,
  author         = {Raphaël Clifford and Tomasz Kociumaka and Ely Porat},
  booktitle      = {{SODA}},
  title          = {The streaming $k$-mismatch problem},
  year           = {2019},
  _archiveprefix = {arXiv},
  _editor        = {Timothy Chan},
  _eprint        = {1708.05223},
  _pages         = {1106--1125},
  _publisher     = {{SIAM}},
  doi            = {10.1137/1.9781611975482.68},
  field          = {Text algorithms},
  isbn           = {978-1-61197-548-2},
  slides         = {files/soda2019.pdf},
  type           = {Conference papers},
}

@InProceedings{STOC2020,
  author        = {Timothy M. Chan and Shay Golan and Tomasz Kociumaka and Tsvi Kopelowitz and Ely Porat},
  booktitle     = {STOC},
  title         = {Approximating text-to-pattern {H}amming distances},
  year          = {2020},
  _editor       = {Julia Chuzhoy},
  _eprint       = {2001.00211},
  _pages        = {643--656},
  _publisher    = {{ACM} Press},
  archiveprefix = {arXiv},
  doi           = {10.1145/3357713.3384266},
  field         = {Text algorithms},
  isbn          = {978-1-4503-6979-4},
  type          = {Conference papers},
}

@InProceedings{FOCS2020_Kociumaka,
  author        = {Tomasz Kociumaka and Barna Saha},
  booktitle     = {61st Annual Symposium on Foundations of Computer Science, FOCS 2020},
  title         = {Sublinear-Time Algorithms for Computing \& Embedding Gap Edit Distance},
  year          = {2020},
  editor        = {Sandy Irani},
  publisher     = {{IEEE} Computer Society},
  archiveprefix = {arXiv},
  eprint        = {2007.12762},
  field         = {Text algorithms},
  pubstate      = {inpress},
  type          = {Conference papers},
}

@InProceedings{KK19,
  author        = {Dominik Kempa and Tomasz Kociumaka},
  booktitle     = {{STOC}},
  title         = {String synchronizing sets: {S}ublinear-time {BWT} construction and optimal {LCE} data structure},
  year          = {2019},
  _editor       = {Edith Cohen},
  _eprint       = {1904.04228},
  _pages        = {756--767},
  _publisher    = {{ACM} Press},
  archiveprefix = {arXiv},
  doi           = {10.1145/3313276.3316368},
  field         = {Text algorithms},
  isbn          = {978-1-4503-6705-9},
  slides        = {files/stoc2019_slides.pdf},
  type          = {Conference papers},
}

@Article{CACM2022,
  author        = {Dominik Kempa and Tomasz Kociumaka},
  journal       = {Communications of the {ACM}},
  title         = {Resolution of the {B}urrows-{W}heeler transform conjecture},
  year          = {2022},
  _number        = {6},
  _pages         = {91--98},
  _volume        = {65},
  _related      = {aFOCS2020_Kempa},
  archiveprefix = {arXiv},
  bibsource     = {dblp computer science bibliography, https://dblp.org},
  biburl        = {https://dblp.org/rec/journals/cacm/KempaK22.bib},
  doi           = {10.1145/3531445},
  _eprint        = {1910.10631},
  field         = {Text algorithms},
  type          = {Journal papers},
}


@InProceedings{LATIN2020,
  author        = {Tomasz Kociumaka and Gonzalo Navarro and Nicola Prezza},
  booktitle     = {Latin American Theoretical Informatics Symposium, {LATIN} 2020},
  title         = {Towards a Definitive Measure of Repetitiveness},
  year          = {2020},
  editor        = {Yoshikaru Kohayakawa and Flavio Keidi Miyazawa},
  pages         = {207--219},
  publisher     = {Springer},
  series        = {LNCS},
  volume        = {12118},
  archiveprefix = {arXiv},
  doi           = {10.1007/978-3-030-61792-9_17},
  eprint        = {1910.02151},
  field         = {Text algorithms},
  isbn          = {978-3-030-61792-9},
  type          = {Conference papers},
}

@InProceedings{SODA2018,
  author        = {Paweł Gawrychowski and Adam Karczmarz and Tomasz Kociumaka and Jakub Łącki and Piotr Sankowski},
  booktitle     = {29th Annual {ACM-SIAM} Symposium on Discrete Algorithms, {SODA} 2018},
  title         = {Optimal dynamic strings},
  year          = {2018},
  editor        = {Artur Czumaj},
  pages         = {1509--1528},
  publisher     = {{SIAM}},
  archiveprefix = {arXiv},
  doi           = {10.1137/1.9781611975031.99},
  eprint        = {1511.02612},
  field         = {Text algorithms},
  isbn          = {978-1-61197-503-1},
  slides        = {files/soda2018_slides.pdf},
  type          = {Conference papers},
}

@InProceedings{SPIRE2012,
  author     = {Tomasz Kociumaka and Jakub Radoszewski and Wojciech Rytter and Tomasz Waleń},
  booktitle  = {{SPIRE}},
  title      = {Efficient data structures for the factor periodicity problem},
  year       = {2012},
  _editor    = {Liliana Calder{\'{o}}n{-}Benavides and Cristina N. Gonz{\'{a}}lez{-}Caro and Edgar Ch{\'{a}}vez and Nivio Ziviani},
  _number    = {7608},
  _pages     = {284--294},
  _publisher = {Springer},
  _series    = {LNCS},
  _volume    = {7608},
  doi        = {10.1007/978-3-642-34109-0_30},
  field      = {Text algorithms},
  groups     = {2014_min_suf, 2013_suffix_selection},
  isbn       = {978-3-642-34109-0},
  pdf        = {files/spire2012.pdf},
  slides     = {files/spire2012_slides.pdf},
  type       = {Conference papers},
}

@Article{BGP25,
  author  = {Or Birenzwige and Shay Golan and Ely Porat},
  journal = {SIAM Journal on Computing},
  title   = {Locally Consistent Parsing for Text Indexing in Small Space},
  year    = {2025},
  issn    = {1095--7111},
  number  = {4},
  volume  = {54},
  _pages  = {916--963},
  doi     = {10.1137/21M1465706},
}

@Article{DBLP:journals/jacm/FerraginaM05,
  author    = {Paolo Ferragina and Giovanni Manzini},
  journal   = {J. {ACM}},
  title     = {Indexing compressed text},
  year      = {2005},
  number    = {4},
  pages     = {552--581},
  volume    = {52},
  bibsource = {dblp computer science bibliography, https://dblp.org},
  biburl    = {https://dblp.org/rec/journals/jacm/FerraginaM05.bib},
  doi       = {10.1145/1082036.1082039},
}

@InProceedings{SODA2023,
  author        = {Dominik Kempa and Tomasz Kociumaka},
  booktitle     = {{SODA}},
  title         = {Breaking the {$O(n)$}-Barrier in the Construction of Compressed Suffix Arrays and Suffix Trees},
  year          = {2023},
  _doi          = {10.1137/1.9781611977073.112},
  _editor       = {Nikhil Bansal},
  _eprint       = {2106.12725},
  _isbn         = {978-1-61197-707-3},
  _pages        = {5122--5202},
  _publisher    = {{SIAM}},
  archiveprefix = {arXiv},
  doi           = {10.1137/1.9781611977554.ch187},
  field         = {Text algorithms},
  groups        = {MPI-report-23},
  type          = {Conference papers},
}

@InProceedings{KK23,
  author        = {Dominik Kempa and Tomasz Kociumaka},
  booktitle     = {FOCS},
  title         = {Collapsing the Hierarchy of Compressed Data Structures: Suffix Arrays in Optimal Compressed Space},
  year          = {2023},
  _editor       = {Amit Sahai},
  _eprint       = {2308.03635},
  _publisher    = {{IEEE} Computer Society},
  _pubstate     = {inpress},
  archiveprefix = {arXiv},
  doi           = {10.1109/FOCS57990.2023.00114},
  field         = {Text algorithms},
  type          = {Conference papers},
}

@InProceedings{STOC2022,
  author        = {Dominik Kempa and Tomasz Kociumaka},
  booktitle     = {{STOC}},
  title         = {Dynamic suffix array with polylogarithmic queries and updates},
  year          = {2022},
  _editor       = {Stefano Leonardi and Anupam Gupta},
  _eprint       = {2201.01285},
  _pages        = {1657--1670},
  _publisher    = {{ACM}},
  archiveprefix = {arXiv},
  doi           = {10.1145/3519935.3520061},
  field         = {Text algorithms},
  type          = {Conference papers},
}

@InProceedings{DBLP:conf/soda/JinN23,
  author     = {Ce Jin and Jakob Nogler},
  booktitle  = {{SODA}},
  title      = {Quantum Speed-ups for String Synchronizing Sets, Longest Common Substring, and \emph{k}-mismatch Matching},
  year       = {2023},
  _editor    = {Nikhil Bansal and Viswanath Nagarajan},
  _pages     = {5090--5121},
  _publisher = {{SIAM}},
  bibsource  = {dblp computer science bibliography, https://dblp.org},
  biburl     = {https://dblp.org/rec/conf/soda/JinN23.bib},
  doi        = {10.1137/1.9781611977554.ch186},
}

@Article{TALG_Christiansen,
  author         = {Anders R. Christiansen and Mikko B. Ettienne and Tomasz Kociumaka and Gonzalo Navarro and Nicola Prezza},
  journal        = {ACM Trans. Algorithms},
  title          = {Optimal-time dictionary-compressed indexes},
  year           = {2021},
  issn           = {1549-6325},
  _number         = {1},
  _pages          = {8:1--39},
  _volume         = {17},
  _archiveprefix = {arXiv},
  _eid           = {8},
  _eprint        = {1811.12779},
  doi            = {10.1145/3426473},
  field          = {Text algorithms},
  publisher      = {Association for Computing Machinery ({ACM})},
  type           = {Journal papers},
}

@Article{TIT22,
  author         = {Tomasz Kociumaka and Gonzalo Navarro and Nicola Prezza},
  journal        = {IEEE Trans. Inf. Theory},
  title          = {Toward a Definitive Compressibility Measure for Repetitive Sequences},
  year           = {2023},
  _number         = {4},
  _pages          = {2074--2092},
  _volume         = {69},
  _archiveprefix = {arXiv},
  _eprint        = {1910.02151},
  doi            = {10.1109/TIT.2022.3224382},
  field          = {Text algorithms},
  groups         = {MPI-report-23},
  related        = {LATIN2020},
  type           = {Journal papers},
}

@InProceedings{GKKS22,
  author        = {Elazar Goldenberg and Tomasz Kociumaka and Robert Krauthgamer and Barna Saha},
  booktitle     = {FOCS},
  title         = {Gap Edit Distance via Non-Adaptive Queries: Simple and Optimal},
  year          = {2022},
  _editor       = {Jelani Nelson},
  _eprint       = {2111.12706},
  _pages        = {674--685},
  _publisher    = {{IEEE} Computer Society},
  archiveprefix = {arXiv},
  doi           = {10.1109/focs54457.2022.00070},
  field         = {Text algorithms},
  type          = {Conference papers},
}

@InProceedings{FOCS2022b,
  author         = {Debarati Das and Jacob Gilbert and MohammadTaghi Hajiaghayi and Tomasz Kociumaka and Barna Saha and Hamed Saleh},
  booktitle      = {FOCS},
  title          = {$\tilde{O}(n + \mathrm{poly}(k))$-time Algorithm for Bounded Tree Edit Distance},
  year           = {2022},
  _archiveprefix = {arXiv},
  _editor        = {Jelani Nelson},
  _eprint        = {2209.07524},
  _pages         = {686--697},
  _publisher     = {{IEEE} Computer Society},
  bibsource      = {dblp computer science bibliography, https://dblp.org},
  biburl         = {https://dblp.org/rec/conf/focs/0001GHKSS22.bib},
  doi            = {10.1109/FOCS54457.2022.00071},
  field          = {Text algorithms},
  type           = {Conference papers},
}

@InProceedings{DGHKS23,
  author         = {Debarati Das and Jacob Gilbert and MohammadTaghi Hajiaghayi and Tomasz Kociumaka and Barna Saha},
  booktitle      = {STOC},
  title          = {Weighted Edit Distance Computation: Strings, Trees, and {D}yck},
  year           = {2023},
  _archiveprefix = {arXiv},
  _editor        = {Barna Saha and Rocco A. Servedio},
  _eprint        = {2302.04229},
  _pages         = {377--390},
  _publisher     = {{ACM}},
  doi            = {10.1145/3564246.3585178},
  type           = {Conference papers},
}

@InProceedings{CKW23,
  author        = {Alejandro Cassis and Tomasz Kociumaka and Philip Wellnitz},
  booktitle     = {FOCS},
  title         = {Optimal Algorithms for Bounded Weighted Edit Distance},
  year          = {2023},
  _editor       = {Amit Sahai},
  _eprint       = {2305.06659},
  _publisher    = {{IEEE} Computer Society},
  _volume       = {abs/2305.06659},
  archiveprefix = {arXiv},
  bibsource     = {dblp computer science bibliography, https://dblp.org},
  biburl        = {https://dblp.org/rec/journals/corr/abs-2305-06659.bib},
  doi           = {10.1109/FOCS57990.2023.00135},
  field         = {Text algorithms},
  pubstate      = {inpress},
  type          = {Conference papers},
}

@InProceedings{SODA2024b,
  author        = {Daniel Gibney and Ce Jin and Tomasz Kociumaka and Sharma Thankachan},
  booktitle     = {{SODA}},
  title         = {Near-Optimal Quantum Algorithms for Bounded Edit Distance and {Lempel–Ziv} Factorization},
  year          = {2024},
  archiveprefix = {arXiv},
  doi           = {10.1137/1.9781611977912.118},
}

@InProceedings{GKLS22,
  author        = {Arun Ganesh and Tomasz Kociumaka and Andrea Lincoln and Barna Saha},
  booktitle     = {{SODA}},
  title         = {How Compression and Approximation Affect Efficiency in String Distance Measures},
  year          = {2022},
  _editor       = {Joseph Naor},
  _eprint       = {2112.05836},
  _pages        = {2867--2919},
  _publisher    = {{SIAM}},
  archiveprefix = {arxiv},
  doi           = {10.1137/1.9781611977073.112},
  field         = {Text algorithms},
  isbn          = {978-1-61197-707-3},
  type          = {Conference papers},
}

@InProceedings{CPM2020CKM,
  author     = {Panagiotis Charalampopoulos and Tomasz Kociumaka and Shay Mozes},
  booktitle  = {{CPM}},
  title      = {Dynamic String Alignment},
  year       = {2020},
  _editor    = {Inge Li G{\o}rtz and Oren Weimann},
  _pages     = {9:1--9:13},
  _publisher = {Schloss Dagstuhl--Leibniz-Zentrum für Informatik},
  _series    = {LIPIcs},
  _volume    = {161},
  doi        = {10.4230/LIPIcs.CPM.2020.9},
  field      = {Text algorithms},
  isbn       = {978-3-95977-149-8},
  issn       = {1868-8969},
  type       = {Conference papers},
}

@InProceedings{CKW22,
  author        = {Panagiotis Charalampopoulos and Tomasz Kociumaka and Philip Wellnitz},
  booktitle     = {FOCS},
  title         = {Faster Pattern Matching under Edit Distance},
  year          = {2022},
  _editor       = {Jelani Nelson},
  _eprint       = {2204.03087},
  _pages        = {698--707},
  _publisher    = {{IEEE} Computer Society},
  archiveprefix = {arXiv},
  bibsource     = {dblp computer science bibliography, https://dblp.org},
  biburl        = {https://dblp.org/rec/conf/focs/Charalampopoulos22.bib},
  doi           = {10.1109/FOCS54457.2022.00072},
  field         = {Text algorithms},
  type          = {Conference papers},
}

@InProceedings{CH98,
  author     = {Richard Cole and Ramesh Hariharan},
  booktitle  = {SODA},
  title      = {Approximate String Matching: {A} Simpler Faster Algorithm},
  year       = {1998},
  _editor    = {Howard J. Karloff},
  _pages     = {463--472},
  _publisher = {{ACM/SIAM}},
  bibsource  = {dblp computer science bibliography, https://dblp.org},
  biburl     = {https://dblp.org/rec/conf/soda/ColeH98.bib},
  url        = {https://dl.acm.org/doi/10.5555/314613.314827},
}

@InProceedings{KPS21,
  author        = {Tomasz Kociumaka and Ely Porat and Tatiana Starikovskaya},
  booktitle     = {FOCS},
  title         = {Small space and streaming pattern matching with $k$ edits},
  year          = {2021},
  _editor       = {Nisheeth Vishnoi},
  _eprint       = {2106.06037},
  _pages        = {885--896},
  _publisher    = {{IEEE} Computer Society},
  archiveprefix = {arXiv},
  doi           = {10.1109/FOCS52979.2021.00090},
  field         = {Text algorithms},
  isbn          = {978-1-6654-2055-6},
  type          = {Conference papers},
}

@InProceedings{DBLP:conf/icalp/Bhattacharya023,
  author     = {Sudatta Bhattacharya and Michal Kouck{\'{y}}},
  booktitle  = {{ICALP}},
  title      = {Streaming $k$-Edit Approximate Pattern Matching via String Decomposition},
  year       = {2023},
  _editor    = {Kousha Etessami and Uriel Feige and Gabriele Puppis},
  _pages     = {22:1--22:14},
  _publisher = {Schloss Dagstuhl - Leibniz-Zentrum f{\"{u}}r Informatik},
  _series    = {LIPIcs},
  _volume    = {261},
  bibsource  = {dblp computer science bibliography, https://dblp.org},
  biburl     = {https://dblp.org/rec/conf/icalp/Bhattacharya023.bib},
  doi        = {10.4230/LIPIcs.ICALP.2023.22},
}

@Misc{KS23,
  author     = {Michal Kouck{\'{y}} and Michael Saks},
  title      = {Almost Linear Size Edit Distance Sketch},
  year       = {2023},
  note       = {Manuscript}
}

@InProceedings{BK23a,
  author     = {Sudatta Bhattacharya and Michal Kouck{\'{y}}},
  booktitle  = {{STOC}},
  title      = {Locally Consistent Decomposition of Strings with Applications to Edit Distance Sketching},
  year       = {2023},
  _editor    = {Barna Saha and Rocco A. Servedio},
  _pages     = {219--232},
  _publisher = {{ACM}},
  bibsource  = {dblp computer science bibliography, https://dblp.org},
  biburl     = {https://dblp.org/rec/conf/stoc/Bhattacharya023.bib},
  doi        = {10.1145/3564246.3585239},
}

@InProceedings{FOCS2020_Charalampopoulos,
  author        = {Panagiotis Charalampopoulos and Tomasz Kociumaka and Philip Wellnitz},
  booktitle     = {FOCS},
  title         = {Faster Approximate Pattern Matching: A Unified Approach},
  year          = {2020},
  _editor       = {Sandy Irani},
  _eprint       = {2004.08350},
  _pages        = {978--989},
  _publisher    = {{IEEE} Computer Society},
  archiveprefix = {arXiv},
  doi           = {10.1109/FOCS46700.2020.00095},
  field         = {Text algorithms},
  isbn          = {978-1-7281-9621-3},
  type          = {Conference papers},
}

@InProceedings{FOCS2020_Kempa,
  author        = {Dominik Kempa and Tomasz Kociumaka},
  booktitle     = {FOCS},
  title         = {Resolution of the {B}urrows--{W}heeler Transform Conjecture},
  year          = {2020},
  _editor       = {Sandy Irani},
  _eprint       = {1910.10631},
  _pages        = {1002--1013},
  _publisher    = {{IEEE} Computer Society},
  archiveprefix = {arXiv},
  doi           = {10.1109/FOCS46700.2020.00097},
  field         = {Text algorithms},
  isbn          = {978-1-7281-9621-3},
  pubstate      = {inpress},
  type          = {Conference papers},
}

@InProceedings{BCFK24,
  author        = {Karl Bringmann and Alejandro Cassis and Nick Fischer and Tomasz Kociumaka},
  booktitle     = {{SODA}},
  title         = {Faster Sublinear-Time Edit Distance},
  year          = {2024},
  archiveprefix = {arXiv},
  doi           = {10.1137/1.9781611977912.117},
}

@InProceedings{BGP20,
  author    = {Or Birenzwige and Shay Golan and Ely Porat},
  booktitle = {Proceedings of the 2020 {ACM-SIAM} Symposium on Discrete Algorithms, {SODA} 2020, Salt Lake City, UT, USA, January 5-8, 2020},
  title     = {Locally Consistent Parsing for Text Indexing in Small Space},
  year      = {2020},
  editor    = {Shuchi Chawla},
  pages     = {607--626},
  publisher = {{SIAM}},
  bibsource = {dblp computer science bibliography, https://dblp.org},
  biburl    = {https://dblp.org/rec/conf/soda/BirenzwigeGP20.bib},
  doi       = {10.1137/1.9781611975994.37},
  eprint    = {1812.00359},
}

@Article{RRRS13,
  author    = {Sofya Raskhodnikova and Dana Ron and Ronitt Rubinfeld and Adam D. Smith},
  journal   = {Algorithmica},
  title     = {Sublinear Algorithms for Approximating String Compressibility},
  year      = {2013},
  number    = {3},
  volume    = {65},
  _pages    = {685--709},
  bibsource = {dblp computer science bibliography, https://dblp.org},
  biburl    = {https://dblp.org/rec/journals/algorithmica/RaskhodnikovaRRS13.bib},
  doi       = {10.1007/S00453-012-9618-6},
}

@Article{Fried2024,
  author        = {Dvir Fried and Shay Golan and Tomasz Kociumaka and Tsvi Kopelowitz and Ely Porat and Tatiana Starikovskaya},
  journal       = {ACM Trans. Algorithms},
  title         = {An Improved Algorithm for the $k$-{D}yck Edit Distance Problem},
  year          = {2024},
  number        = {3},
  pages         = {26},
  volume        = {20},
  _eprint       = {2111.02336},
  archiveprefix = {arXiv},
  bibsource     = {dblp computer science bibliography, https://dblp.org},
  biburl        = {https://dblp.org/rec/journals/talg/FriedGKKPS24.bib},
  doi           = {10.1145/3627539},
  field         = {Text algorithms},
  related       = {aSODA2022a},
  selected      = {true},
  status        = {inpress},
  type          = {Journal papers},
}

@InProceedings{Das2022,
  author        = {Debarati Das and Tomasz Kociumaka and Barna Saha},
  booktitle     = {{ICALP}},
  title         = {Improved Approximation Algorithms for {D}yck Edit Distance and {RNA} Folding},
  year          = {2022},
  _editor       = {Mikolaj Bojanczyk and Emanuela Merelli and David P. Woodruff},
  _eprint       = {2112.05866},
  _pages        = {49:1--49:20},
  _publisher    = {Schloss Dagstuhl - Leibniz-Zentrum f{\"{u}}r Informatik},
  _series       = {LIPIcs},
  _volume       = {229},
  archiveprefix = {arXiv},
  doi           = {10.4230/LIPIcs.ICALP.2022.49},
  field         = {Text algorithms},
  groups        = {MPI-report-23},
  issn          = {1868-8969},
  type          = {Conference papers},
}

@InProceedings{Das2025,
  author    = {Debarati Das and Jacob Gilbert and Tomasz Kociumaka and MohammadTaghi Hajiaghayi and Barna Saha},
  booktitle = {FOCS},
  title     = {Dynamic {D}yck and Tree Edit Distance: Decompositions and Reductions to String Edit Distance},
  year      = {2025},
  pubstate  = {forthcoming},
  selected  = {true},
}

@InProceedings{KMS23,
  author         = {Tomasz Kociumaka and Anish Mukherjee and Barna Saha},
  booktitle      = {FOCS},
  title          = {Approximating Edit Distance in the Fully Dynamic Model},
  year           = {2023},
  _archiveprefix = {arXiv},
  _editor        = {Amit Sahai},
  _eprint        = {2307.07175},
  _publisher     = {{IEEE} Computer Society},
  _volume        = {abs/2307.07175},
  bibsource      = {dblp computer science bibliography, https://dblp.org},
  biburl         = {https://dblp.org/rec/journals/corr/abs-2307-07175.bib},
  doi            = {10.1109/FOCS57990.2023.00098},
  field          = {Text algorithms},
  type           = {Conference papers},
}

@InProceedings{KS25,
  author        = {Tomasz Kociumaka and Ali Shahali},
  booktitle     = {{ESA}},
  title         = {Faster Algorithm for Bounded Tree Edit Distance in the Low-Distance Regime},
  year          = {2025},
  archiveprefix = {arXiv},
  eprint        = {2507.02701},
  pubstate      = {inpress},
}

@InProceedings{GK25,
  author         = {Egor Gorbachev and Tomasz Kociumaka},
  booktitle      = {{STOC}},
  title          = {Bounded Edit Distance: Optimal Static and Dynamic Algorithms for Small Integer Weights},
  year           = {2025},
  _archiveprefix = {arXiv},
  _editor        = {Michal Kouck{\'{y}} and Nikhil Bansal},
  _eprint        = {2404.06401},
  _pages         = {2157--2166},
  _publisher     = {{ACM}},
  bibsource      = {dblp computer science bibliography, https://dblp.org},
  biburl         = {https://dblp.org/rec/conf/stoc/GorbachevK25.bib},
  doi            = {10.1145/3717823.3718168},
  selected       = {true},
}

@InProceedings{Kus19,
  author     = {William Kuszmaul},
  booktitle  = {{ICALP}},
  title      = {Dynamic Time Warping in Strongly Subquadratic Time},
  year       = {2019},
  _editor    = {Christel Baier and Ioannis Chatzigiannakis and Paola Flocchini and Stefano Leonardi},
  _pages     = {80:1--80:15},
  _publisher = {Schloss Dagstuhl - Leibniz-Zentrum f{\"{u}}r Informatik},
  _series    = {LIPIcs},
  _volume    = {132},
  bibsource  = {dblp computer science bibliography, https://dblp.org},
  biburl     = {https://dblp.org/rec/conf/icalp/Kuszmaul19.bib},
  doi        = {10.4230/LIPICS.ICALP.2019.80},
}

@InProceedings{BFH24,
  author        = {Karl Bringmann and Nick Fischer and Ivor van der Hoog and Evangelos Kipouridis and Tomasz Kociumaka and Eva Rotenberg},
  booktitle     = {SODA},
  title         = {Dynamic Dynamic Time Warping},
  year          = {2024},
  _editor       = {David P. Woodruff},
  _publisher    = {SIAM},
  archiveprefix = {arXiv},
  doi           = {10.1137/1.9781611977912.10},
  eprint        = {2310.18128},
  field         = {Text algorithms},
  type          = {Conference papers},
}

@InProceedings{JK25,
  author    = {Ce Jin and Tomasz Kociumaka},
  booktitle = {FOCS},
  title     = {Near-Optimal Property Testers for Pattern Matching},
  year      = {2025},
  pubstate  = {forthcoming},
  selected  = {true},
}

@InProceedings{CKW25,
  author    = {Panagiotis Charalampopoulos and Tomasz Kociumaka and Philip Wellnitz},
  booktitle = {FOCS},
  title     = {Pattern Matching under Weighted Edit Distance},
  year      = {2025},
  pubstate  = {forthcoming},
  selected  = {true},
}

@InProceedings{KS24,
  author     = {Michal Kouck{\'{y}} and Michael E. Saks},
  booktitle  = {{STOC}},
  title      = {Almost Linear Size Edit Distance Sketch},
  year       = {2024},
  _editor    = {Bojan Mohar and Igor Shinkar and Ryan O'Donnell},
  _pages     = {956--967},
  _publisher = {{ACM}},
  bibsource  = {dblp computer science bibliography, https://dblp.org},
  biburl     = {https://dblp.org/rec/conf/stoc/0002S24.bib},
  doi        = {10.1145/3618260.3649783},
}

@InProceedings{KK24,
  author        = {Dominik Kempa and Tomasz Kociumaka},
  booktitle     = {FOCS},
  title         = {Lempel--{Z}iv {(LZ77)} Factorization in Sublinear Time},
  year          = {2024},
  _eprint       = {2409.12146},
  _volume       = {abs/2409.12146},
  archiveprefix = {arXiv},
  bibsource     = {dblp computer science bibliography, https://dblp.org},
  biburl        = {https://dblp.org/rec/journals/corr/abs-2409-12146.bib},
  doi           = {10.1109/FOCS61266.2024.00122},
  selected      = {true},
}

@Misc{NT24,
  author        = {Takaaki Nishimoto and Yasuo Tabei},
  title         = {Dynamic Suffix Array in Optimal Compressed Space},
  year          = {2024},
  _doi          = {10.48550/ARXIV.2404.07510},
  archiveprefix = {arXiv},
  bibsource     = {dblp computer science bibliography, https://dblp.org},
  biburl        = {https://dblp.org/rec/journals/corr/abs-2404-07510.bib},
  eprint        = {2404.07510},
  journal       = {CoRR},
  volume        = {abs/2404.07510},
}

@InProceedings{KNW24,
  author     = {Tomasz Kociumaka and Jakob Nogler and Philip Wellnitz},
  booktitle  = {{STOC}},
  title      = {On the Communication Complexity of Approximate Pattern Matching},
  year       = {2024},
  _editor    = {Bojan Mohar and Igor Shinkar and Ryan O'Donnell},
  _eprint    = {2403.18812},
  _pages     = {1758--1768},
  _publisher = {{ACM}},
  bibsource  = {dblp computer science bibliography, https://dblp.org},
  biburl     = {https://dblp.org/rec/conf/stoc/KociumakaNW24.bib},
  doi        = {10.1145/3618260.3649604},
  selected   = {true},
}

@InProceedings{KNW25,
  author         = {Kociumaka, Tomasz and Nogler, Jakob and Wellnitz, Philip},
  booktitle      = {{SODA}},
  title          = {Near-Optimal-Time Quantum Algorithms for Approximate Pattern Matching},
  year           = {2025},
  _archiveprefix = {arXiv},
  _editor        = {Yossi Azar and Debmalya Panigrahi},
  _eprint        = {2410.06808},
  _pages         = {517--534},
  _publisher     = {{SIAM}},
  bibsource      = {dblp computer science bibliography, https://dblp.org},
  biburl         = {https://dblp.org/rec/conf/soda/KociumakaNW25.bib},
  doi            = {10.1137/1.9781611978322.15},
}

@Article{KRRW24,
  author    = {Tomasz Kociumaka and Jakub Radoszewski and Wojciech Rytter and Tomasz Waleń},
  journal   = {SIAM J. Comput.},
  title     = {Internal Pattern Matching Queries in a Text and Applications},
  year      = {2024},
  number    = {5},
  volume    = {53},
  _pages    = {1524--1577},
  bibsource = {dblp computer science bibliography, https://dblp.org},
  biburl    = {https://dblp.org/rec/journals/siamcomp/KociumakaRRW24.bib},
  doi       = {10.1137/23M1567618},
  selected  = {true},
}

@InProceedings{KK25,
  author     = {Dominik Kempa and Tomasz Kociumaka},
  booktitle  = {{STOC}},
  title      = {On the Hardness Hierarchy for the $O(n \sqrt{\log n})$ Complexity in the Word RAM},
  year       = {2025},
  _editor    = {Michal Kouck{\'{y}} and Nikhil Bansal},
  _eprint    = {2503.21049},
  _pages     = {290--300},
  _publisher = {{ACM}},
  doi        = {10.1145/3717823.3718291},
  selected   = {true},
}

@InProceedings{Dinklage2020,
  author     = {Patrick Dinklage and Johannes Fischer and Alexander Herlez and Tomasz Kociumaka and Florian Kurpicz},
  booktitle  = {{ESA}},
  title      = {Practical Performance of Space Efficient Data Structures for Longest Common Extensions},
  year       = {2020},
  _editor    = {Fabrizio Grandoni and Peter Sanders and Grzegorz Herman},
  _pages     = {39:1--39:20},
  _publisher = {Schloss Dagstuhl--Leibniz-Zentrum für Informatik},
  _series    = {LIPIcs},
  _volume    = {173},
  doi        = {10.4230/LIPIcs.ESA.2020.39},
  field      = {Text algorithms},
  isbn       = {978-3-95977-162-7},
  issn       = {1868-8969},
  type       = {Conference papers},
}

@InProceedings{AN20,
  author     = {Alexandr Andoni and Negev Shekel Nosatzki},
  booktitle  = {FOCS},
  title      = {Edit Distance in Near-Linear Time: it's a Constant Factor},
  year       = {2020},
  _booktitle = {61st {IEEE} Annual Symposium on Foundations of Computer Science, {FOCS} 2020, Durham, NC, USA, November 16-19, 2020},
  _editor    = {Sandy Irani},
  _pages     = {990--1001},
  _publisher = {{IEEE}},
  bibsource  = {dblp computer science bibliography, https://dblp.org},
  biburl     = {https://dblp.org/rec/conf/focs/AndoniN20.bib},
  doi        = {10.1109/FOCS46700.2020.00096},
}

@InProceedings{BPS21,
  author     = {Harry Buhrman and Subhasree Patro and Florian Speelman},
  booktitle  = {STACS},
  title      = {A Framework of Quantum Strong Exponential-Time Hypotheses},
  year       = {2021},
  _editor    = {Markus Bl{\"{a}}ser and Benjamin Monmege},
  _pages     = {19:1--19:19},
  _publisher = {Schloss Dagstuhl - Leibniz-Zentrum f{\"{u}}r Informatik},
  _series    = {LIPIcs},
  _volume    = {187},
  bibsource  = {dblp computer science bibliography, https://dblp.org},
  biburl     = {https://dblp.org/rec/conf/stacs/BuhrmanPS21.bib},
  doi        = {10.4230/LIPICS.STACS.2021.19},
}

@Article{BI18,
  author    = {Arturs Backurs and Piotr Indyk},
  journal   = {{SIAM} J. Comput.},
  title     = {Edit Distance Cannot Be Computed in Strongly Subquadratic Time (Unless {SETH} is False)},
  year      = {2018},
  _number   = {3},
  _pages    = {1087--1097},
  _volume   = {47},
  bibsource = {dblp computer science bibliography, https://dblp.org},
  biburl    = {https://dblp.org/rec/journals/siamcomp/BackursI18.bib},
  doi       = {10.1137/15M1053128},
}

@InProceedings{GU18,
  author     = {Pawel Gawrychowski and Przemyslaw Uznanski},
  booktitle  = {ICALP},
  title      = {Towards Unified Approximate Pattern Matching for Hamming and $L_1$ Distance},
  year       = {2018},
  _editor    = {Ioannis Chatzigiannakis and Christos Kaklamanis and D{\'{a}}niel Marx and Donald Sannella},
  _pages     = {62:1--62:13},
  _publisher = {Schloss Dagstuhl - Leibniz-Zentrum f{\"{u}}r Informatik},
  _series    = {LIPIcs},
  _volume    = {107},
  bibsource  = {dblp computer science bibliography, https://dblp.org},
  biburl     = {https://dblp.org/rec/conf/icalp/GawrychowskiU18.bib},
  doi        = {10.4230/LIPICS.ICALP.2018.62},
}

@InProceedings{VY13,
  author     = {Elad Verbin and Wei Yu},
  booktitle  = {CPM},
  title      = {Data Structure Lower Bounds on Random Access to Grammar-Compressed Strings},
  year       = {2013},
  _editor    = {Johannes Fischer and Peter Sanders},
  _pages     = {247--258},
  _publisher = {Springer},
  _series    = {Lecture Notes in Computer Science},
  _volume    = {7922},
  bibsource  = {dblp computer science bibliography, https://dblp.org},
  biburl     = {https://dblp.org/rec/conf/cpm/VerbinY13.bib},
  doi        = {10.1007/978-3-642-38905-4\_24},
}

@Comment{jabref-meta: databaseType:bibtex;}

@Comment{jabref-meta: grouping:
0 AllEntriesGroup:;
1 StaticGroup:Markings\;2\;1\;\;\;\;;
2 StaticGroup:[tomek:]\;2\;1\;\;\;\;;
}
